<collection>
<record xmlns="http://www.loc.gov/MARC21/slim" xmlns:xsi="http://www.w3.org/2001/XMLSchema-instance" xsi:schemaLocation="http://www.loc.gov/MARC21/slim http://www.loc.gov/standards/marcxml/schema/MARC21slim.xsd">
<leader>00000cam a22      i 4500</leader>
<controlfield tag="FMT">BK</controlfield>
<controlfield tag="LDR">00000cam a22      i 4500</controlfield>
<controlfield tag="001">006061012</controlfield>
<controlfield tag="005">20180424130700.0</controlfield>
<controlfield tag="008">180424s2017    ne       b    001 0 eng</controlfield>
<datafield tag="010" ind1=" " ind2=" ">
<subfield code="a">  2017021332</subfield>
</datafield>
<datafield tag="020" ind1=" " ind2=" ">
<subfield code="a">9789004346994</subfield>
<subfield code="q">(hardback ;</subfield>
<subfield code="q">alk. paper)</subfield>
</datafield>
<datafield tag="020" ind1=" " ind2=" ">
<subfield code="a">9004346996</subfield>
</datafield>
<datafield tag="035" ind1=" " ind2=" ">
<subfield code="a">(OCoLC)978650193</subfield>
<subfield code="z">(OCoLC)978286855</subfield>
<subfield code="z">(OCoLC)978755794</subfield>
<subfield code="z">(OCoLC)979012988</subfield>
<subfield code="z">(OCoLC)979290401</subfield>
<subfield code="z">(OCoLC)979483468</subfield>
<subfield code="z">(OCoLC)979923456</subfield>
</datafield>
<datafield tag="040" ind1=" " ind2=" ">
<subfield code="a">DGU/DLC</subfield>
<subfield code="b">eng</subfield>
<subfield code="e">rda</subfield>
<subfield code="c">DGU</subfield>
<subfield code="d">DLC</subfield>
<subfield code="d">BTCTA</subfield>
<subfield code="d">ERASA</subfield>
<subfield code="d">YDX</subfield>
<subfield code="d">OCLCF</subfield>
<subfield code="d">OHX</subfield>
<subfield code="d">OCLCQ</subfield>
<subfield code="d">NNU</subfield>
</datafield>
<datafield tag="042" ind1=" " ind2=" ">
<subfield code="a">pcc</subfield>
</datafield>
<datafield tag="043" ind1=" " ind2=" ">
<subfield code="a">a-iq---</subfield>
</datafield>
<datafield tag="050" ind1="0" ind2="0">
<subfield code="a">BF1762</subfield>
<subfield code="b">.W56 2017</subfield>
</datafield>
<datafield tag="082" ind1="0" ind2="0">
<subfield code="a">133.30935</subfield>
<subfield code="2">23</subfield>
</datafield>
<datafield tag="100" ind1="1" ind2=" ">
<subfield code="a">Winitzer, Abraham,</subfield>
<subfield code="e">author.</subfield>
</datafield>
<datafield tag="245" ind1="1" ind2="0">
<subfield code="a">Early Mesopotamian divination literature :</subfield>
<subfield code="b">its organizational framework and generative and paradigmatic characteristics /</subfield>
<subfield code="c">by Abraham Winitzer.</subfield>
</datafield>
<datafield tag="264" ind1=" " ind2="1">
<subfield code="a">Leiden ;</subfield>
<subfield code="a">Boston :</subfield>
<subfield code="b">Brill,</subfield>
<subfield code="c">[2017]</subfield>
</datafield>
<datafield tag="300" ind1=" " ind2=" ">
<subfield code="a">xxi, 489 pages ;</subfield>
<subfield code="c">25 cm.</subfield>
</datafield>
<datafield tag="336" ind1=" " ind2=" ">
<subfield code="a">text</subfield>
<subfield code="b">txt</subfield>
<subfield code="2">rdacontent</subfield>
</datafield>
<datafield tag="337" ind1=" " ind2=" ">
<subfield code="a">unmediated</subfield>
<subfield code="b">n</subfield>
<subfield code="2">rdamedia</subfield>
</datafield>
<datafield tag="338" ind1=" " ind2=" ">
<subfield code="a">volume</subfield>
<subfield code="b">nc</subfield>
<subfield code="2">rdacarrier</subfield>
</datafield>
<datafield tag="490" ind1="1" ind2=" ">
<subfield code="a">Ancient magic and divination ;</subfield>
<subfield code="v">volume 12</subfield>
</datafield>
<datafield tag="504" ind1=" " ind2=" ">
<subfield code="a">Includes bibliographical references (pages 460-477) and indexes.</subfield>
</datafield>
<datafield tag="520" ind1=" " ind2=" ">
<subfield code="a">In Early Mesopotamian Divination Literature: Its Organizational Framework and Generative and Paradigmatic Characteristics, Abraham Winitzer provides a detailed study of the Akkadian Old Babylonian (ca. 2000-1600 BC) omen collections stemming from extispicy, the most significant Mesopotamian divination technique for most of that civilization's history. Paying close attention to these texts' organizational structure, Winitzer details the mechanics responsible for their origins and development, and highlights key characteristics of a conceptual framework that helped reconfigure Mesopotamian divination into a literature in line with significant, new forms of literary expression from the same time. This literature, Winitzer concludes, represents an early form of scientific reasoning that began to appreciate the centrality of texts and textual interpretation in this civilization's production, organization, and conception of knowledge.</subfield>
</datafield>
<datafield tag="650" ind1=" " ind2="0">
<subfield code="a">Divination</subfield>
<subfield code="z">Iraq</subfield>
<subfield code="x">History.</subfield>
</datafield>
<datafield tag="650" ind1=" " ind2="0">
<subfield code="a">Animal sacrifice</subfield>
<subfield code="z">Iraq</subfield>
<subfield code="x">History.</subfield>
</datafield>
<datafield tag="650" ind1=" " ind2="0">
<subfield code="a">Omens</subfield>
<subfield code="z">Iraq</subfield>
<subfield code="x">History.</subfield>
</datafield>
<datafield tag="651" ind1=" " ind2="0">
<subfield code="a">Iraq</subfield>
<subfield code="x">History</subfield>
<subfield code="y">To 634.</subfield>
</datafield>
<datafield tag="651" ind1=" " ind2="0">
<subfield code="a">Iraq</subfield>
<subfield code="x">Civilization</subfield>
<subfield code="y">To 634.</subfield>
</datafield>
<datafield tag="650" ind1=" " ind2="7">
<subfield code="a">Animal sacrifice.</subfield>
<subfield code="2">fast</subfield>
<subfield code="0">(OCoLC)fst00809382</subfield>
</datafield>
<datafield tag="650" ind1=" " ind2="7">
<subfield code="a">Civilization.</subfield>
<subfield code="2">fast</subfield>
<subfield code="0">(OCoLC)fst00862898</subfield>
</datafield>
<datafield tag="650" ind1=" " ind2="7">
<subfield code="a">Divination.</subfield>
<subfield code="2">fast</subfield>
<subfield code="0">(OCoLC)fst00895747</subfield>
</datafield>
<datafield tag="650" ind1=" " ind2="7">
<subfield code="a">Omens.</subfield>
<subfield code="2">fast</subfield>
<subfield code="0">(OCoLC)fst01045673</subfield>
</datafield>
<datafield tag="651" ind1=" " ind2="7">
<subfield code="a">Iraq.</subfield>
<subfield code="2">fast</subfield>
<subfield code="0">(OCoLC)fst01205757</subfield>
</datafield>
<datafield tag="648" ind1=" " ind2="7">
<subfield code="a">To 634.</subfield>
<subfield code="2">fast</subfield>
</datafield>
<datafield tag="655" ind1=" " ind2="7">
<subfield code="a">History.</subfield>
<subfield code="2">fast</subfield>
<subfield code="0">(OCoLC)fst01411628</subfield>
</datafield>
<datafield tag="776" ind1="0" ind2="8">
<subfield code="i">Online version:</subfield>
<subfield code="a">Winitzer, Abraham.</subfield>
<subfield code="t">Early Mesopotamian divination literature.</subfield>
<subfield code="d">Leiden ; Boston : Brill, 2017</subfield>
<subfield code="z">9789004347007</subfield>
<subfield code="w">(DLC) 2017027022</subfield>
</datafield>
<datafield tag="830" ind1=" " ind2="0">
<subfield code="a">Ancient magic and divination ;</subfield>
<subfield code="v">12.</subfield>
</datafield>
<datafield tag="OWN" ind1=" " ind2=" ">
<subfield code="a">GENERAL</subfield>
</datafield>
<datafield tag="AVA" ind1=" " ind2=" ">
<subfield code="a">NYU50</subfield>
<subfield code="b">NISAW</subfield>
<subfield code="c">Small Collection</subfield>
<subfield code="d">BF1762 .W56 2017 Non-circulating</subfield>
<subfield code="e">available</subfield>
<subfield code="t">Available</subfield>
<subfield code="f">1</subfield>
<subfield code="g">0</subfield>
<subfield code="h">N</subfield>
<subfield code="i">0</subfield>
<subfield code="j">SMALL</subfield>
<subfield code="k">0</subfield>
</datafield>
</record>