<record xmlns="http://www.loc.gov/MARC21/slim" xmlns:xsi="http://www.w3.org/2001/XMLSchema-instance" xsi:schemaLocation="http://www.loc.gov/MARC21/slim http://www.loc.gov/standards/marcxml/schema/MARC21slim.xsd">
<leader>00000cam a22      a 4500</leader>
<controlfield tag="FMT">BK</controlfield>
<controlfield tag="LDR">00000cam a22      a 4500</controlfield>
<controlfield tag="001">006056445</controlfield>
<controlfield tag="005">20180411115152.0</controlfield>
<controlfield tag="008">180411s1878    enk           001 0 grc</controlfield>
<datafield tag="035" ind1=" " ind2=" ">
<subfield code="a">(OCoLC)2716725</subfield>
<subfield code="z">(OCoLC)78431735</subfield>
</datafield>
<datafield tag="040" ind1=" " ind2=" ">
<subfield code="a">BCT</subfield>
<subfield code="b">eng</subfield>
<subfield code="c">BCT</subfield>
<subfield code="d">DAY</subfield>
<subfield code="d">OCLCQ</subfield>
<subfield code="d">IUL</subfield>
<subfield code="d">OCLCG</subfield>
<subfield code="d">OCLCQ</subfield>
<subfield code="d">OCLCA</subfield>
<subfield code="d">OCLCF</subfield>
<subfield code="d">P4I</subfield>
<subfield code="d">OCLCQ</subfield>
<subfield code="d">OCLCO</subfield>
<subfield code="d">OCL</subfield>
<subfield code="d">OCLCQ</subfield>
<subfield code="d">NNU</subfield>
</datafield>
<datafield tag="041" ind1="0" ind2=" ">
<subfield code="a">grc</subfield>
<subfield code="a">eng</subfield>
</datafield>
<datafield tag="042" ind1=" " ind2=" ">
<subfield code="a">pcc</subfield>
</datafield>
<datafield tag="050" ind1=" " ind2="4">
<subfield code="a">BR160</subfield>
<subfield code="b">.S5 1878</subfield>
</datafield>
<datafield tag="100" ind1="0" ind2=" ">
<subfield code="a">Socrates,</subfield>
<subfield code="c">Scholasticus,</subfield>
<subfield code="d">approximately 379-approximately 440.</subfield>
</datafield>
<datafield tag="240" ind1="1" ind2="0">
<subfield code="a">Ecclesiastical history</subfield>
</datafield>
<datafield tag="245" ind1="1" ind2="0">
<subfield code="a">S&#333;kratous Scholastikou Ekkl&#275;siastik&#275; historia =</subfield>
<subfield code="b">Socrates' Ecclesiastical history : according to the text of Hussey /</subfield>
<subfield code="c">with an introd. by William Bright.</subfield>
</datafield>
<datafield tag="246" ind1="3" ind2="0">
<subfield code="a">Ekkl&#275;siastik&#275; historia</subfield>
</datafield>
<datafield tag="246" ind1="3" ind2="1">
<subfield code="a">Socrates' Ecclesiastical history</subfield>
</datafield>
<datafield tag="260" ind1=" " ind2=" ">
<subfield code="a">Oxford :</subfield>
<subfield code="b">Clarendon Press,</subfield>
<subfield code="c">1878.</subfield>
</datafield>
<datafield tag="300" ind1=" " ind2=" ">
<subfield code="a">xxviii, 343 pages ;</subfield>
<subfield code="c">20 cm</subfield>
</datafield>
<datafield tag="336" ind1=" " ind2=" ">
<subfield code="a">text</subfield>
<subfield code="b">txt</subfield>
<subfield code="2">rdacontent</subfield>
</datafield>
<datafield tag="337" ind1=" " ind2=" ">
<subfield code="a">unmediated</subfield>
<subfield code="b">n</subfield>
<subfield code="2">rdamedia</subfield>
</datafield>
<datafield tag="338" ind1=" " ind2=" ">
<subfield code="a">volume</subfield>
<subfield code="b">nc</subfield>
<subfield code="2">rdacarrier</subfield>
</datafield>
<datafield tag="546" ind1=" " ind2=" ">
<subfield code="a">Text in Greek; preliminary matter and notes in English.</subfield>
</datafield>
<datafield tag="500" ind1=" " ind2=" ">
<subfield code="a">"The text of the history is reprinted from Professor Hussey's edition of 1853 ... some changes have been made"--Page xxviii.</subfield>
</datafield>
<datafield tag="500" ind1=" " ind2=" ">
<subfield code="a">Errata slip inserted.</subfield>
</datafield>
<datafield tag="500" ind1=" " ind2=" ">
<subfield code="a">Includes index.</subfield>
</datafield>
<datafield tag="500" ind1=" " ind2=" ">
<subfield code="a">ISAW copy is from the library of Nina Garso&#239;an.</subfield>
<subfield code="5">NyNyUAW</subfield>
</datafield>
<datafield tag="650" ind1=" " ind2="0">
<subfield code="a">Church history</subfield>
<subfield code="y">Primitive and early church, ca. 30-600.</subfield>
</datafield>
<datafield tag="650" ind1=" " ind2="7">
<subfield code="a">Church history</subfield>
<subfield code="x">Primitive and early church.</subfield>
<subfield code="2">fast</subfield>
<subfield code="0">(OCoLC)fst01710945</subfield>
</datafield>
<datafield tag="648" ind1=" " ind2="7">
<subfield code="a">30-600.</subfield>
<subfield code="2">fast</subfield>
</datafield>
<datafield tag="700" ind1="1" ind2=" ">
<subfield code="a">Hussey, Robert,</subfield>
<subfield code="d">1801-1856.</subfield>
</datafield>
<datafield tag="700" ind1="1" ind2=" ">
<subfield code="a">Bright, William,</subfield>
<subfield code="d">1824-1901.</subfield>
</datafield>
<datafield tag="700" ind1="1" ind2=" ">
<subfield code="a">Garso&#239;an, Nina G.,</subfield>
<subfield code="d">1923-</subfield>
<subfield code="e">former owner.</subfield>
<subfield code="5">NyNyUAW</subfield>
</datafield>
<datafield tag="740" ind1="0" ind2=" ">
<subfield code="a">Garso&#239;an Collection.</subfield>
<subfield code="5">NyNyUAW</subfield>
</datafield>
<datafield tag="OWN" ind1=" " ind2=" ">
<subfield code="a">GENERAL</subfield>
</datafield>
<datafield tag="AVA" ind1=" " ind2=" ">
<subfield code="a">NYU50</subfield>
<subfield code="b">NISAW</subfield>
<subfield code="c">Small Collection</subfield>
<subfield code="d">BR160 .S5 1878 Non-circulating</subfield>
<subfield code="e">available</subfield>
<subfield code="t">Available</subfield>
<subfield code="f">1</subfield>
<subfield code="g">0</subfield>
<subfield code="h">N</subfield>
<subfield code="i">0</subfield>
<subfield code="j">SMALL</subfield>
<subfield code="k">0</subfield>
</datafield>
</record>