<record xmlns="http://www.loc.gov/MARC21/slim" xmlns:xsi="http://www.w3.org/2001/XMLSchema-instance" xsi:schemaLocation="http://www.loc.gov/MARC21/slim http://www.loc.gov/standards/marcxml/schema/MARC21slim.xsd">
<leader>00000cam a22     Ii 4500</leader>
<controlfield tag="FMT">BK</controlfield>
<controlfield tag="LDR">00000cam a22     Ii 4500</controlfield>
<controlfield tag="001">006058367</controlfield>
<controlfield tag="005">20180416115608.0</controlfield>
<controlfield tag="008">180416s1927    enka          001 0 eng d</controlfield>
<datafield tag="010" ind1=" " ind2=" ">
<subfield code="a">   28017460</subfield>
</datafield>
<datafield tag="035" ind1=" " ind2=" ">
<subfield code="a">(OCoLC)3898358</subfield>
<subfield code="z">(OCoLC)70994331</subfield>
</datafield>
<datafield tag="040" ind1=" " ind2=" ">
<subfield code="a">ICW</subfield>
<subfield code="b">eng</subfield>
<subfield code="c">ICW</subfield>
<subfield code="d">RSC</subfield>
<subfield code="d">OCLCQ</subfield>
<subfield code="d">OCLCG</subfield>
<subfield code="d">STF</subfield>
<subfield code="d">JET</subfield>
<subfield code="d">PAU</subfield>
<subfield code="d">UBY</subfield>
<subfield code="d">KIJ</subfield>
<subfield code="d">OCLCQ</subfield>
<subfield code="d">OCLCA</subfield>
<subfield code="d">OCLCF</subfield>
<subfield code="d">OCLCO</subfield>
<subfield code="d">OCLCQ</subfield>
<subfield code="d">ZYU</subfield>
</datafield>
<datafield tag="050" ind1=" " ind2="4">
<subfield code="a">BR1603.A1</subfield>
<subfield code="b">O8 1927</subfield>
</datafield>
<datafield tag="082" ind1="0" ind2="4">
<subfield code="a">272</subfield>
<subfield code="b">Ow2s</subfield>
</datafield>
<datafield tag="100" ind1="1" ind2=" ">
<subfield code="a">Owen, E. C. E.</subfield>
<subfield code="q">(Edward Charles Everard),</subfield>
<subfield code="d">1860-1949.</subfield>
</datafield>
<datafield tag="245" ind1="1" ind2="0">
<subfield code="a">Some authentic acts of the early martyrs /</subfield>
<subfield code="c">Trans ; with notes and introductions by E.C.E. Owen.</subfield>
</datafield>
<datafield tag="260" ind1=" " ind2=" ">
<subfield code="a">Oxford :</subfield>
<subfield code="b">Clarendon Press,</subfield>
<subfield code="c">1927.</subfield>
</datafield>
<datafield tag="300" ind1=" " ind2=" ">
<subfield code="a">183 pages :</subfield>
<subfield code="b">illustrations ;</subfield>
<subfield code="c">19 cm</subfield>
</datafield>
<datafield tag="336" ind1=" " ind2=" ">
<subfield code="a">text</subfield>
<subfield code="b">txt</subfield>
<subfield code="2">rdacontent</subfield>
</datafield>
<datafield tag="337" ind1=" " ind2=" ">
<subfield code="a">unmediated</subfield>
<subfield code="b">n</subfield>
<subfield code="2">rdamedia</subfield>
</datafield>
<datafield tag="338" ind1=" " ind2=" ">
<subfield code="a">volume</subfield>
<subfield code="b">nc</subfield>
<subfield code="2">rdacarrier</subfield>
</datafield>
<datafield tag="500" ind1=" " ind2=" ">
<subfield code="a">Includes indexes.</subfield>
</datafield>
<datafield tag="505" ind1="0" ind2=" ">
<subfield code="a">Summary of persecutions in the Roman empire.--Martyrdom of S. Polycarp.--Acts of SS. Carpus, Papylus, and Agathonica.--Acts of SS. Justin and his companions.--Letter of the churches of Vienne and Lyons.--Acts of the Scillitan saints.--Passion of SS. Perpetua and Felicitas.--Acts of S. Cyprian.--Acts of SS. Fructuosus and his deacons.--Passion of SS. James and Marian.--Martyrodom of S. Marinus.--Acts of S. Marcellus.--Passion of S. Cassian.--Passion of S. Procopius.</subfield>
</datafield>
<datafield tag="504" ind1=" " ind2=" ">
<subfield code="a">Includes index and "biblical quotations and allusions."</subfield>
</datafield>
<datafield tag="520" ind1=" " ind2=" ">
<subfield code="a">Of persecutions in the Roman empire.--Martyrdom of S. Polycarp.--Acts of SS. Carpus, Papylus, and Agathonica.--Acts of SS. Justin and his companions.--Letter of the churches of Vienne and Lyons.--Acts of the Scillitan saints.--Passion of SS. Perpetua and Felicitas.--Acts of S. Cyprian.--Acts of SS. Fructuosus and his deacons.--Passion of SS. James and Marian.--Martyrodom of S. Marinus.--Acts of S. Marcellus.--Passion of S. Cassian.--Passion of S. Procopius.</subfield>
</datafield>
<datafield tag="500" ind1=" " ind2=" ">
<subfield code="a">ISAW copy is from the library of Robert A. Kraft.</subfield>
<subfield code="5">NyNyUAW</subfield>
</datafield>
<datafield tag="650" ind1=" " ind2="0">
<subfield code="a">Martyrs.</subfield>
</datafield>
<datafield tag="650" ind1=" " ind2="0">
<subfield code="a">Martyrologies.</subfield>
</datafield>
<datafield tag="650" ind1=" " ind2="0">
<subfield code="a">Persecution</subfield>
<subfield code="x">History</subfield>
<subfield code="y">Early church, ca. 30-600.</subfield>
</datafield>
<datafield tag="650" ind1=" " ind2="0">
<subfield code="a">Christian saints.</subfield>
</datafield>
<datafield tag="650" ind1=" " ind2="0">
<subfield code="a">Church history</subfield>
<subfield code="y">Primitive and early church, ca. 30-600.</subfield>
</datafield>
<datafield tag="650" ind1=" " ind2="7">
<subfield code="a">Martyrs.</subfield>
<subfield code="2">fast</subfield>
<subfield code="0">(OCoLC)fst01010918</subfield>
</datafield>
<datafield tag="700" ind1="1" ind2=" ">
<subfield code="a">Kraft, Robert A.,</subfield>
<subfield code="e">former owner.</subfield>
<subfield code="5">NyNyUAW</subfield>
</datafield>
<datafield tag="OWN" ind1=" " ind2=" ">
<subfield code="a">GENERAL</subfield>
</datafield>
<datafield tag="AVA" ind1=" " ind2=" ">
<subfield code="a">NYU50</subfield>
<subfield code="b">NISAW</subfield>
<subfield code="c">Small Collection</subfield>
<subfield code="d">BR1603.A1 O8 1927 Non-circulating</subfield>
<subfield code="e">available</subfield>
<subfield code="t">Available</subfield>
<subfield code="f">1</subfield>
<subfield code="g">0</subfield>
<subfield code="h">N</subfield>
<subfield code="i">0</subfield>
<subfield code="j">SMALL</subfield>
<subfield code="k">0</subfield>
</datafield>
</record>