<record xmlns="http://www.loc.gov/MARC21/slim" xmlns:xsi="http://www.w3.org/2001/XMLSchema-instance" xsi:schemaLocation="http://www.loc.gov/MARC21/slim http://www.loc.gov/standards/marcxml/schema/MARC21slim.xsd">
<leader>00000cam a22     Ia 4500</leader>
<controlfield tag="FMT">BK</controlfield>
<controlfield tag="LDR">00000cam a22     Ia 4500</controlfield>
<controlfield tag="001">006056062</controlfield>
<controlfield tag="005">20180410160808.0</controlfield>
<controlfield tag="008">860804m19041906enk           001 0 eng d</controlfield>
<datafield tag="035" ind1=" " ind2=" ">
<subfield code="a">(OCoLC)14039284</subfield>
<subfield code="z">(OCoLC)221582572</subfield>
<subfield code="z">(OCoLC)610436427</subfield>
</datafield>
<datafield tag="040" ind1=" " ind2=" ">
<subfield code="a">KAT</subfield>
<subfield code="b">eng</subfield>
<subfield code="c">KAT</subfield>
<subfield code="d">MBO</subfield>
<subfield code="d">OCL</subfield>
<subfield code="d">CVN</subfield>
<subfield code="d">OCLCQ</subfield>
<subfield code="d">OCLCA</subfield>
<subfield code="d">IL4I4</subfield>
<subfield code="d">OCLCO</subfield>
<subfield code="d">OCLCQ</subfield>
<subfield code="d">OCLCA</subfield>
<subfield code="d">ZYU</subfield>
</datafield>
<datafield tag="041" ind1="1" ind2=" ">
<subfield code="a">eng</subfield>
<subfield code="h">grc</subfield>
<subfield code="h">heb</subfield>
</datafield>
<datafield tag="050" ind1=" " ind2="4">
<subfield code="a">BS1514.G8</subfield>
<subfield code="b">O7 1904</subfield>
</datafield>
<datafield tag="082" ind1="0" ind2="4">
<subfield code="a">224.1</subfield>
</datafield>
<datafield tag="130" ind1="0" ind2=" ">
<subfield code="a">Bible.</subfield>
<subfield code="p">Isaiah.</subfield>
<subfield code="l">Greek.</subfield>
<subfield code="s">Septuagint.</subfield>
<subfield code="f">1904.</subfield>
</datafield>
<datafield tag="245" ind1="1" ind2="4">
<subfield code="a">The book of Isaiah according to the Septuagint (Codex Alexandrinus) /</subfield>
<subfield code="c">translated and edited by R.R. Ottley.</subfield>
</datafield>
<datafield tag="260" ind1=" " ind2=" ">
<subfield code="a">London :</subfield>
<subfield code="b">C.J. Clay and Sons, Cambridge University Press Warehouse,</subfield>
<subfield code="c">1904-1906.</subfield>
</datafield>
<datafield tag="300" ind1=" " ind2=" ">
<subfield code="a">2 volumes ;</subfield>
<subfield code="c">19 cm</subfield>
</datafield>
<datafield tag="336" ind1=" " ind2=" ">
<subfield code="a">text</subfield>
<subfield code="b">txt</subfield>
<subfield code="2">rdacontent</subfield>
</datafield>
<datafield tag="337" ind1=" " ind2=" ">
<subfield code="a">unmediated</subfield>
<subfield code="b">n</subfield>
<subfield code="2">rdamedia</subfield>
</datafield>
<datafield tag="338" ind1=" " ind2=" ">
<subfield code="a">volume</subfield>
<subfield code="b">nc</subfield>
<subfield code="2">rdacarrier</subfield>
</datafield>
<datafield tag="500" ind1=" " ind2=" ">
<subfield code="a">ISAW copy is from the library of Robert A. Kraft.</subfield>
<subfield code="5">NyNyUAW</subfield>
</datafield>
<datafield tag="500" ind1=" " ind2=" ">
<subfield code="a">Includes index.</subfield>
</datafield>
<datafield tag="504" ind1=" " ind2=" ">
<subfield code="a">"List of mss. containing Isaiah in Greek": v. 1, pages 56-58 ; v. 2, p. xxxi-xxxiii.</subfield>
</datafield>
<datafield tag="505" ind1="0" ind2=" ">
<subfield code="a">I. Introduction and translation with a parallel version from the Hebrew -- II. Text and notes.</subfield>
</datafield>
<datafield tag="546" ind1=" " ind2=" ">
<subfield code="a">Includes parallel translations from Hebrew and Greek.</subfield>
</datafield>
<datafield tag="630" ind1="0" ind2="0">
<subfield code="a">Bible.</subfield>
<subfield code="p">Isaiah.</subfield>
<subfield code="l">Greek</subfield>
<subfield code="x">Versions</subfield>
<subfield code="x">Septuagint.</subfield>
</datafield>
<datafield tag="700" ind1="1" ind2=" ">
<subfield code="a">Kraft, Robert A.,</subfield>
<subfield code="e">former owner.</subfield>
<subfield code="5">NyNyUAW</subfield>
</datafield>
<datafield tag="700" ind1="1" ind2=" ">
<subfield code="a">Ottley, Richard Rusden,</subfield>
<subfield code="d">1864-</subfield>
</datafield>
<datafield tag="730" ind1="0" ind2=" ">
<subfield code="a">Bible.</subfield>
<subfield code="p">Isaiah.</subfield>
<subfield code="l">English.</subfield>
<subfield code="f">1904.</subfield>
</datafield>
<datafield tag="776" ind1="0" ind2="8">
<subfield code="i">Online version:</subfield>
<subfield code="a">Bible. O.T. Isaiah. Greek. Septuagint. 1904.</subfield>
<subfield code="t">Book of Isaiah according to the Septuagint (Codex Alexandrinus)</subfield>
<subfield code="d">London : C.J. Clay and Sons, Cambridge University Press Warehouse, 1904-1906</subfield>
<subfield code="w">(OCoLC)721534437</subfield>
</datafield>
<datafield tag="OWN" ind1=" " ind2=" ">
<subfield code="a">GENERAL</subfield>
</datafield>
<datafield tag="AVA" ind1=" " ind2=" ">
<subfield code="a">NYU50</subfield>
<subfield code="b">NISAW</subfield>
<subfield code="c">Small Collection</subfield>
<subfield code="d">BS1514.G8 O7 1904 Non-circulating</subfield>
<subfield code="e">available</subfield>
<subfield code="t">Available</subfield>
<subfield code="f">2</subfield>
<subfield code="g">0</subfield>
<subfield code="h">Y</subfield>
<subfield code="i">0</subfield>
<subfield code="j">SMALL</subfield>
<subfield code="k">0</subfield>
</datafield>
</record>