<record xmlns="http://www.loc.gov/MARC21/slim" xmlns:xsi="http://www.w3.org/2001/XMLSchema-instance" xsi:schemaLocation="http://www.loc.gov/MARC21/slim http://www.loc.gov/standards/marcxml/schema/MARC21slim.xsd">
<leader>00000cam a22     I  4500</leader>
<controlfield tag="FMT">BK</controlfield>
<controlfield tag="LDR">00000cam a22     I  4500</controlfield>
<controlfield tag="001">006055832</controlfield>
<controlfield tag="005">20180418153806.0</controlfield>
<controlfield tag="008">180409s1913    nyu      b    001 0 eng d</controlfield>
<datafield tag="010" ind1=" " ind2=" ">
<subfield code="a">a  13000524</subfield>
</datafield>
<datafield tag="035" ind1=" " ind2=" ">
<subfield code="a">(OCoLC)15214705</subfield>
<subfield code="z">(OCoLC)1550795</subfield>
</datafield>
<datafield tag="040" ind1=" " ind2=" ">
<subfield code="a">DPL</subfield>
<subfield code="b">eng</subfield>
<subfield code="c">DPL</subfield>
<subfield code="d">FBA</subfield>
<subfield code="d">FYB</subfield>
<subfield code="d">PLT</subfield>
<subfield code="d">OCLCQ</subfield>
<subfield code="d">OCLCG</subfield>
<subfield code="d">OCLCQ</subfield>
<subfield code="d">RBN</subfield>
<subfield code="d">PB4</subfield>
<subfield code="d">OCLCF</subfield>
<subfield code="d">ZYU</subfield>
</datafield>
<datafield tag="050" ind1=" " ind2="4">
<subfield code="a">BS2320</subfield>
<subfield code="b">.S6 1913</subfield>
</datafield>
<datafield tag="082" ind1="0" ind2="4">
<subfield code="a">225.1</subfield>
<subfield code="b">S726</subfield>
</datafield>
<datafield tag="100" ind1="1" ind2=" ">
<subfield code="a">Souter, Alexander,</subfield>
<subfield code="d">1873-1949.</subfield>
</datafield>
<datafield tag="245" ind1="1" ind2="4">
<subfield code="a">The text and canon of the New Testament /</subfield>
<subfield code="c">by Alexander Souter.</subfield>
</datafield>
<datafield tag="260" ind1=" " ind2=" ">
<subfield code="a">New York :</subfield>
<subfield code="b">C. Scribner's Sons,</subfield>
<subfield code="c">1913.</subfield>
</datafield>
<datafield tag="300" ind1=" " ind2=" ">
<subfield code="a">x, 254 pages ;</subfield>
<subfield code="c">19 cm.</subfield>
</datafield>
<datafield tag="336" ind1=" " ind2=" ">
<subfield code="a">text</subfield>
<subfield code="b">txt</subfield>
<subfield code="2">rdacontent</subfield>
</datafield>
<datafield tag="337" ind1=" " ind2=" ">
<subfield code="a">unmediated</subfield>
<subfield code="b">n</subfield>
<subfield code="2">rdamedia</subfield>
</datafield>
<datafield tag="338" ind1=" " ind2=" ">
<subfield code="a">volume</subfield>
<subfield code="b">nc</subfield>
<subfield code="2">rdacarrier</subfield>
</datafield>
<datafield tag="490" ind1="1" ind2=" ">
<subfield code="a">Studies in theology</subfield>
</datafield>
<datafield tag="504" ind1=" " ind2=" ">
<subfield code="a">Selected bibliography: pages 238-248 and index.</subfield>
</datafield>
<datafield tag="505" ind1="0" ind2=" ">
<subfield code="a">Ancient texts and their transmission -- Sources of the New Testament text -- Greek manuscripts -- The older versions: Latin and Syriac -- The older versions (Egyptian [Coptic] versions, gothic) -- Secondary versions -- Patristic (and other early) citations -- Printed editions of the Greek New Testament and versions -- Principles of criticism, etc. -- The future outlook -- Preliminary: the idea and the word -- Earliest collections of New Testament books -- The earliest period for extensive quotation (170-220): the earliest versions -- Books of temporary and local canonicity -- From Origen to Chrysostom in the east -- From 250 to 450 in the west -- Conciliar deliverances -- The reformation and later.</subfield>
</datafield>
<datafield tag="500" ind1=" " ind2=" ">
<subfield code="a">ISAW copy is from the library of Robert A. Kraft.</subfield>
<subfield code="5">NyNyUAW</subfield>
</datafield>
<datafield tag="630" ind1="0" ind2="0">
<subfield code="a">Bible.</subfield>
<subfield code="p">New Testament</subfield>
<subfield code="x">Canon.</subfield>
</datafield>
<datafield tag="630" ind1="0" ind2="7">
<subfield code="a">Bible.</subfield>
<subfield code="p">New Testament.</subfield>
<subfield code="2">fast</subfield>
<subfield code="0">(OCoLC)fst01808090</subfield>
</datafield>
<datafield tag="700" ind1="1" ind2=" ">
<subfield code="a">Kraft, Robert A.,</subfield>
<subfield code="e">former owner.</subfield>
<subfield code="5">NyNyUAW</subfield>
</datafield>
<datafield tag="776" ind1="0" ind2="8">
<subfield code="i">Online version:</subfield>
<subfield code="a">Souter, Alexander, 1873-1949.</subfield>
<subfield code="t">Text and canon of the New Testament.</subfield>
<subfield code="d">New York, C. Scribner's Sons, 1913</subfield>
<subfield code="w">(OCoLC)609218872</subfield>
</datafield>
<datafield tag="830" ind1=" " ind2="0">
<subfield code="a">Studies in theology (New York, N.Y.)</subfield>
</datafield>
<datafield tag="OWN" ind1=" " ind2=" ">
<subfield code="a">GENERAL</subfield>
</datafield>
<datafield tag="AVA" ind1=" " ind2=" ">
<subfield code="a">NYU50</subfield>
<subfield code="b">NISAW</subfield>
<subfield code="c">Small Collection</subfield>
<subfield code="d">BS2320 .S6 1913 Non-circulating</subfield>
<subfield code="e">available</subfield>
<subfield code="t">Available</subfield>
<subfield code="f">1</subfield>
<subfield code="g">0</subfield>
<subfield code="h">N</subfield>
<subfield code="i">0</subfield>
<subfield code="j">SMALL</subfield>
<subfield code="k">0</subfield>
</datafield>
</record>