<record xmlns="http://www.loc.gov/MARC21/slim" xmlns:xsi="http://www.w3.org/2001/XMLSchema-instance" xsi:schemaLocation="http://www.loc.gov/MARC21/slim http://www.loc.gov/standards/marcxml/schema/MARC21slim.xsd">
<leader>00000cam a22     Ii 4500</leader>
<controlfield tag="FMT">BK</controlfield>
<controlfield tag="LDR">00000cam a22     Ii 4500</controlfield>
<controlfield tag="001">006056044</controlfield>
<controlfield tag="005">20180418153447.0</controlfield>
<controlfield tag="008">180410s1960    enk      b    000 0 eng d</controlfield>
<datafield tag="015" ind1=" " ind2=" ">
<subfield code="a">GB6011304</subfield>
<subfield code="2">bnb</subfield>
</datafield>
<datafield tag="035" ind1=" " ind2=" ">
<subfield code="a">(OCoLC)7124417</subfield>
<subfield code="z">(OCoLC)222645626</subfield>
</datafield>
<datafield tag="040" ind1=" " ind2=" ">
<subfield code="a">KSU</subfield>
<subfield code="b">eng</subfield>
<subfield code="c">KSU</subfield>
<subfield code="d">UKM</subfield>
<subfield code="d">OCL</subfield>
<subfield code="d">NLGGC</subfield>
<subfield code="d">OCLCG</subfield>
<subfield code="d">KIJ</subfield>
<subfield code="d">HEBIS</subfield>
<subfield code="d">OCLCQ</subfield>
<subfield code="d">OCLCO</subfield>
<subfield code="d">OCLCF</subfield>
<subfield code="d">OCLCQ</subfield>
<subfield code="d">J9U</subfield>
<subfield code="d">OCLCO</subfield>
<subfield code="d">OCLCQ</subfield>
<subfield code="d">OCLCO</subfield>
<subfield code="d">DHA</subfield>
<subfield code="d">OL$-</subfield>
<subfield code="d">OCLCO</subfield>
<subfield code="d">ZYU</subfield>
</datafield>
<datafield tag="041" ind1="1" ind2=" ">
<subfield code="a">eng</subfield>
<subfield code="h">cop</subfield>
</datafield>
<datafield tag="050" ind1=" " ind2="4">
<subfield code="a">BT1475</subfield>
<subfield code="b">.G613 1960</subfield>
</datafield>
<datafield tag="082" ind1="0" ind2="4">
<subfield code="a">273.1</subfield>
<subfield code="2">18</subfield>
</datafield>
<datafield tag="084" ind1=" " ind2=" ">
<subfield code="a">11.19</subfield>
<subfield code="2">bcl</subfield>
</datafield>
<datafield tag="084" ind1=" " ind2=" ">
<subfield code="a">273.1</subfield>
</datafield>
<datafield tag="130" ind1="0" ind2=" ">
<subfield code="a">Gospel of truth.</subfield>
<subfield code="l">English.</subfield>
</datafield>
<datafield tag="245" ind1="1" ind2="4">
<subfield code="a">The Gospel of truth :</subfield>
<subfield code="b">a Valentinian meditation on the gospel /</subfield>
<subfield code="c">translation from the Coptic and commentary by Kendrick Grobel.</subfield>
</datafield>
<datafield tag="260" ind1=" " ind2=" ">
<subfield code="a">London :</subfield>
<subfield code="b">Adams &amp; Charles Black,</subfield>
<subfield code="c">1960.</subfield>
</datafield>
<datafield tag="300" ind1=" " ind2=" ">
<subfield code="a">206 pages ;</subfield>
<subfield code="c">20 cm</subfield>
</datafield>
<datafield tag="336" ind1=" " ind2=" ">
<subfield code="a">text</subfield>
<subfield code="b">txt</subfield>
<subfield code="2">rdacontent</subfield>
</datafield>
<datafield tag="337" ind1=" " ind2=" ">
<subfield code="a">unmediated</subfield>
<subfield code="b">n</subfield>
<subfield code="2">rdamedia</subfield>
</datafield>
<datafield tag="338" ind1=" " ind2=" ">
<subfield code="a">volume</subfield>
<subfield code="b">nc</subfield>
<subfield code="2">rdacarrier</subfield>
</datafield>
<datafield tag="504" ind1=" " ind2=" ">
<subfield code="a">Includes bibliographical references (pages 203-206).</subfield>
</datafield>
<datafield tag="546" ind1=" " ind2=" ">
<subfield code="a">Translated from the Coptic.</subfield>
</datafield>
<datafield tag="500" ind1=" " ind2=" ">
<subfield code="a">ISAW copy is from the library of Robert A. Kraft.</subfield>
<subfield code="5">NyNyUAW</subfield>
</datafield>
<datafield tag="630" ind1="0" ind2="7">
<subfield code="a">Evangelium veritatis.</subfield>
<subfield code="2">gnd</subfield>
<subfield code="0">(DE-588)4123169-7</subfield>
</datafield>
<datafield tag="650" ind1=" " ind2="0">
<subfield code="a">Valentinians.</subfield>
</datafield>
<datafield tag="651" ind1=" " ind2="7">
<subfield code="a">Deir Anba Bidaba.</subfield>
<subfield code="2">pleiades</subfield>
<subfield code="0">https://pleiades.stoa.org/places/756553</subfield>
<subfield code="5">NyNyUAW</subfield>
</datafield>
<datafield tag="650" ind1=" " ind2="7">
<subfield code="a">Valentinians.</subfield>
<subfield code="2">fast</subfield>
<subfield code="0">(OCoLC)fst01163799</subfield>
</datafield>
<datafield tag="650" ind1="1" ind2="7">
<subfield code="a">Evangelie der Waarheid.</subfield>
<subfield code="2">gtt</subfield>
</datafield>
<datafield tag="700" ind1="1" ind2=" ">
<subfield code="a">Grobel, Kendrick,</subfield>
<subfield code="d">1908-1965,</subfield>
<subfield code="e">ed. and tr.</subfield>
</datafield>
<datafield tag="700" ind1="1" ind2=" ">
<subfield code="a">Kraft, Robert A.,</subfield>
<subfield code="e">former owner.</subfield>
<subfield code="5">NyNyUAW</subfield>
</datafield>
<datafield tag="OWN" ind1=" " ind2=" ">
<subfield code="a">GENERAL</subfield>
</datafield>
<datafield tag="AVA" ind1=" " ind2=" ">
<subfield code="a">NYU50</subfield>
<subfield code="b">NISAW</subfield>
<subfield code="c">Small Collection</subfield>
<subfield code="d">BT1475 .G613 1960 Non-circulating</subfield>
<subfield code="e">available</subfield>
<subfield code="t">Available</subfield>
<subfield code="f">1</subfield>
<subfield code="g">0</subfield>
<subfield code="h">N</subfield>
<subfield code="i">0</subfield>
<subfield code="j">SMALL</subfield>
<subfield code="k">0</subfield>
</datafield>
</record>