<record xmlns="http://www.loc.gov/MARC21/slim" xmlns:xsi="http://www.w3.org/2001/XMLSchema-instance" xsi:schemaLocation="http://www.loc.gov/MARC21/slim http://www.loc.gov/standards/marcxml/schema/MARC21slim.xsd">
<leader>00000nam a22     Ii 4500</leader>
<controlfield tag="FMT">BK</controlfield>
<controlfield tag="LDR">00000nam a22     Ii 4500</controlfield>
<controlfield tag="001">006055834</controlfield>
<controlfield tag="005">20180418153739.0</controlfield>
<controlfield tag="008">180409s1924    enk      b    001 0 eng d</controlfield>
<datafield tag="035" ind1=" " ind2=" ">
<subfield code="a">(OCoLC)1030916833</subfield>
</datafield>
<datafield tag="040" ind1=" " ind2=" ">
<subfield code="a">ZYU</subfield>
<subfield code="b">eng</subfield>
<subfield code="e">rda</subfield>
<subfield code="c">ZYU</subfield>
</datafield>
<datafield tag="050" ind1=" " ind2="4">
<subfield code="a">BV761</subfield>
<subfield code="b">.A435 1924</subfield>
</datafield>
<datafield tag="130" ind1="0" ind2=" ">
<subfield code="a">Clementine liturgy.</subfield>
</datafield>
<datafield tag="245" ind1="1" ind2="4">
<subfield code="a">The liturgy of the eighth book of "The Apostolic Constitutions" :</subfield>
<subfield code="b">commonly called the Clementine liturgy /</subfield>
<subfield code="c">translated into English, with introduction and notes, by Rev. R.H. Cresswell.</subfield>
</datafield>
<datafield tag="264" ind1=" " ind2="1">
<subfield code="a">London :</subfield>
<subfield code="b">Society for Promoting Christian Knowledge;</subfield>
<subfield code="a">New York :</subfield>
<subfield code="b">Macmillan Co.,</subfield>
<subfield code="c">1924.</subfield>
</datafield>
<datafield tag="300" ind1=" " ind2=" ">
<subfield code="a">94 pages ;</subfield>
<subfield code="c">19 cm.</subfield>
</datafield>
<datafield tag="336" ind1=" " ind2=" ">
<subfield code="a">text</subfield>
<subfield code="b">txt</subfield>
<subfield code="2">rdacontent</subfield>
</datafield>
<datafield tag="337" ind1=" " ind2=" ">
<subfield code="a">unmediated</subfield>
<subfield code="b">n</subfield>
<subfield code="2">rdamedia</subfield>
</datafield>
<datafield tag="338" ind1=" " ind2=" ">
<subfield code="a">volume</subfield>
<subfield code="b">nc</subfield>
<subfield code="2">rdacarrier</subfield>
</datafield>
<datafield tag="504" ind1=" " ind2=" ">
<subfield code="a">Includes bibliographical references and index.</subfield>
</datafield>
<datafield tag="500" ind1=" " ind2=" ">
<subfield code="a">ISAW copy is from the library of Robert A. Kraft.</subfield>
<subfield code="5">NyNyUAW</subfield>
</datafield>
<datafield tag="650" ind1=" " ind2="0">
<subfield code="a">Liturgies, Early Christian.</subfield>
</datafield>
<datafield tag="650" ind1=" " ind2="0">
<subfield code="a">Church orders, Ancient.</subfield>
</datafield>
<datafield tag="700" ind1="1" ind2=" ">
<subfield code="a">Cresswell, R. H.</subfield>
<subfield code="q">(Richard Henry),</subfield>
<subfield code="e">editor,</subfield>
<subfield code="e">translator.</subfield>
</datafield>
<datafield tag="700" ind1="1" ind2=" ">
<subfield code="a">Kraft, Robert A.,</subfield>
<subfield code="e">former owner.</subfield>
<subfield code="5">NyNyUAW</subfield>
</datafield>
<datafield tag="OWN" ind1=" " ind2=" ">
<subfield code="a">GENERAL</subfield>
</datafield>
<datafield tag="AVA" ind1=" " ind2=" ">
<subfield code="a">NYU50</subfield>
<subfield code="b">NISAW</subfield>
<subfield code="c">Small Collection</subfield>
<subfield code="d">BV761 .A435 1924 Non-circulating</subfield>
<subfield code="e">available</subfield>
<subfield code="t">Available</subfield>
<subfield code="f">1</subfield>
<subfield code="g">0</subfield>
<subfield code="h">N</subfield>
<subfield code="i">0</subfield>
<subfield code="j">SMALL</subfield>
<subfield code="k">0</subfield>
</datafield>
</record>