<record xmlns="http://www.loc.gov/MARC21/slim" xmlns:xsi="http://www.w3.org/2001/XMLSchema-instance" xsi:schemaLocation="http://www.loc.gov/MARC21/slim http://www.loc.gov/standards/marcxml/schema/MARC21slim.xsd">
<leader>00000cam a22     Ii 4500</leader>
<controlfield tag="FMT">BK</controlfield>
<controlfield tag="LDR">00000cam a22     Ii 4500</controlfield>
<controlfield tag="001">006060975</controlfield>
<controlfield tag="005">20180424101409.0</controlfield>
<controlfield tag="008">180424s2010    cc a     b    000 0 chi d</controlfield>
<datafield tag="020" ind1=" " ind2=" ">
<subfield code="a">9787807614913</subfield>
</datafield>
<datafield tag="020" ind1=" " ind2=" ">
<subfield code="a">7807614919</subfield>
</datafield>
<datafield tag="035" ind1=" " ind2=" ">
<subfield code="a">(OCoLC)758484752</subfield>
</datafield>
<datafield tag="040" ind1=" " ind2=" ">
<subfield code="a">HLS</subfield>
<subfield code="b">eng</subfield>
<subfield code="e">rda</subfield>
<subfield code="c">HLS</subfield>
<subfield code="d">OCLCF</subfield>
<subfield code="d">OCLCO</subfield>
<subfield code="d">OCLCQ</subfield>
<subfield code="d">OCL</subfield>
<subfield code="d">UBC</subfield>
<subfield code="d">UAB</subfield>
<subfield code="d">ZYU</subfield>
</datafield>
<datafield tag="043" ind1=" " ind2=" ">
<subfield code="a">a-cc-ku</subfield>
<subfield code="a">a-cc---</subfield>
</datafield>
<datafield tag="050" ind1=" " ind2="4">
<subfield code="a">CC165</subfield>
<subfield code="b">.Z46 2010</subfield>
</datafield>
<datafield tag="100" ind1="1" ind2=" ">
<subfield code="6">880-01</subfield>
<subfield code="a">Zheng, Zhenduo,</subfield>
<subfield code="d">1898-1958,</subfield>
<subfield code="e">author.</subfield>
</datafield>
<datafield tag="245" ind1="1" ind2="0">
<subfield code="6">880-02</subfield>
<subfield code="a">Jin bai nian gu cheng gu mu fa jue shi /</subfield>
<subfield code="c">Zheng Zhenduo zhu. Wai yi zhong: Liu chao ling mu diao cha bao gao / Zhu Xizu zhu.</subfield>
</datafield>
<datafield tag="250" ind1=" " ind2=" ">
<subfield code="6">880-03</subfield>
<subfield code="a">Di 1 ban.</subfield>
</datafield>
<datafield tag="264" ind1=" " ind2="1">
<subfield code="6">880-04</subfield>
<subfield code="a">Changsha :</subfield>
<subfield code="b">Yuelu shu she,</subfield>
<subfield code="c">2010.</subfield>
</datafield>
<datafield tag="300" ind1=" " ind2=" ">
<subfield code="a">2, 2, 322 pages :</subfield>
<subfield code="b">illustrations ;</subfield>
<subfield code="c">23 cm.</subfield>
</datafield>
<datafield tag="336" ind1=" " ind2=" ">
<subfield code="a">text</subfield>
<subfield code="b">txt</subfield>
<subfield code="2">rdacontent</subfield>
</datafield>
<datafield tag="337" ind1=" " ind2=" ">
<subfield code="a">unmediated</subfield>
<subfield code="b">n</subfield>
<subfield code="2">rdamedia</subfield>
</datafield>
<datafield tag="338" ind1=" " ind2=" ">
<subfield code="a">volume</subfield>
<subfield code="b">nc</subfield>
<subfield code="2">rdacarrier</subfield>
</datafield>
<datafield tag="490" ind1="1" ind2=" ">
<subfield code="6">880-05</subfield>
<subfield code="a">Minguo xue shu wen hua ming zhu. Di si ji</subfield>
</datafield>
<datafield tag="504" ind1=" " ind2=" ">
<subfield code="a">Includes bibliographical references.</subfield>
</datafield>
<datafield tag="650" ind1=" " ind2="0">
<subfield code="a">Excavations (Archaeology)</subfield>
</datafield>
<datafield tag="650" ind1=" " ind2="0">
<subfield code="a">Extinct cities.</subfield>
</datafield>
<datafield tag="650" ind1=" " ind2="0">
<subfield code="a">Tombs.</subfield>
</datafield>
<datafield tag="651" ind1=" " ind2="0">
<subfield code="6">880-06</subfield>
<subfield code="a">Jiangsu Sheng (China)</subfield>
<subfield code="x">Antiquities.</subfield>
</datafield>
<datafield tag="650" ind1=" " ind2="0">
<subfield code="a">Tombs</subfield>
<subfield code="z">China</subfield>
<subfield code="z">Jiangsu Sheng.</subfield>
</datafield>
<datafield tag="651" ind1=" " ind2="0">
<subfield code="a">China</subfield>
<subfield code="x">History</subfield>
<subfield code="y">Northern and Southern dynasties, 386-589.</subfield>
</datafield>
<datafield tag="651" ind1=" " ind2="0">
<subfield code="6">880-07</subfield>
<subfield code="a">Nanjing Shi (China)</subfield>
<subfield code="x">Antiquities.</subfield>
</datafield>
<datafield tag="651" ind1=" " ind2="0">
<subfield code="6">880-08</subfield>
<subfield code="a">Zhenjiang Shi (China)</subfield>
<subfield code="x">Antiquities.</subfield>
</datafield>
<datafield tag="650" ind1=" " ind2="7">
<subfield code="a">Antiquities.</subfield>
<subfield code="2">fast</subfield>
<subfield code="0">(OCoLC)fst00810745</subfield>
</datafield>
<datafield tag="650" ind1=" " ind2="7">
<subfield code="a">Excavations (Archaeology)</subfield>
<subfield code="2">fast</subfield>
<subfield code="0">(OCoLC)fst00917564</subfield>
</datafield>
<datafield tag="650" ind1=" " ind2="7">
<subfield code="a">Extinct cities.</subfield>
<subfield code="2">fast</subfield>
<subfield code="0">(OCoLC)fst00918959</subfield>
</datafield>
<datafield tag="650" ind1=" " ind2="7">
<subfield code="a">Northern and Southern Dynasties (China)</subfield>
<subfield code="2">fast</subfield>
<subfield code="0">(OCoLC)fst01712460</subfield>
</datafield>
<datafield tag="650" ind1=" " ind2="7">
<subfield code="a">Tombs.</subfield>
<subfield code="2">fast</subfield>
<subfield code="0">(OCoLC)fst01152439</subfield>
</datafield>
<datafield tag="651" ind1=" " ind2="7">
<subfield code="a">China.</subfield>
<subfield code="2">fast</subfield>
<subfield code="0">(OCoLC)fst01206073</subfield>
</datafield>
<datafield tag="651" ind1=" " ind2="7">
<subfield code="a">China</subfield>
<subfield code="z">Jiangsu Sheng.</subfield>
<subfield code="2">fast</subfield>
<subfield code="0">(OCoLC)fst01212175</subfield>
</datafield>
<datafield tag="651" ind1=" " ind2="7">
<subfield code="a">China</subfield>
<subfield code="z">Nanjing Shi.</subfield>
<subfield code="2">fast</subfield>
<subfield code="0">(OCoLC)fst01207637</subfield>
</datafield>
<datafield tag="651" ind1=" " ind2="7">
<subfield code="a">China</subfield>
<subfield code="z">Zhenjiang Shi.</subfield>
<subfield code="2">fast</subfield>
<subfield code="0">(OCoLC)fst01214754</subfield>
</datafield>
<datafield tag="651" ind1=" " ind2="4">
<subfield code="6">880-09</subfield>
<subfield code="a">Jiangsu Sheng (China)</subfield>
<subfield code="x">Antiquities.</subfield>
</datafield>
<datafield tag="651" ind1=" " ind2="4">
<subfield code="6">880-10</subfield>
<subfield code="a">Nanjing Shi (China)</subfield>
<subfield code="x">Antiquities.</subfield>
</datafield>
<datafield tag="651" ind1=" " ind2="4">
<subfield code="6">880-11</subfield>
<subfield code="a">Zhenjiang Shi (China)</subfield>
<subfield code="x">Antiquities.</subfield>
</datafield>
<datafield tag="648" ind1=" " ind2="7">
<subfield code="a">386-589.</subfield>
<subfield code="2">fast</subfield>
</datafield>
<datafield tag="655" ind1=" " ind2="7">
<subfield code="a">History.</subfield>
<subfield code="2">fast</subfield>
<subfield code="0">(OCoLC)fst01411628</subfield>
</datafield>
<datafield tag="700" ind1="1" ind2=" ">
<subfield code="6">880-12</subfield>
<subfield code="a">Zhu, Xizu,</subfield>
<subfield code="d">1879-1945.</subfield>
<subfield code="t">Liu chao ling mu diao cha bao gao.</subfield>
</datafield>
<datafield tag="740" ind1="0" ind2="2">
<subfield code="6">880-13</subfield>
<subfield code="a">Liu chao ling mu diao cha bao gao.</subfield>
</datafield>
<datafield tag="880" ind1="1" ind2=" ">
<subfield code="6">100-01/</subfield>
<subfield code="a">&#37165;&#25391;&#37944;,</subfield>
<subfield code="d">1898-1958,</subfield>
<subfield code="e">author.</subfield>
</datafield>
<datafield tag="880" ind1="1" ind2="0">
<subfield code="6">245-02/</subfield>
<subfield code="a">&#36817;&#30334;&#24180;&#21476;&#22478;&#21476;&#22675;&#30332;&#25496;&#21490; /</subfield>
<subfield code="c">&#37165;&#25391;&#37944;&#33879;. &#22806;&#19968;&#31181;: &#20845;&#26397;&#38517;&#22675;&#35843;&#26597;&#25253;&#21578; / &#26417;&#24076;&#31062;&#33879;.</subfield>
</datafield>
<datafield tag="880" ind1=" " ind2=" ">
<subfield code="6">250-03/</subfield>
<subfield code="a">&#31532;1&#29256;.</subfield>
</datafield>
<datafield tag="880" ind1=" " ind2="1">
<subfield code="6">264-04/</subfield>
<subfield code="a">&#38271;&#27801; :</subfield>
<subfield code="b">&#23731;&#40595;&#20070;&#31038;,</subfield>
<subfield code="c">2010.</subfield>
</datafield>
<datafield tag="880" ind1="1" ind2=" ">
<subfield code="6">490-05/</subfield>
<subfield code="a">&#27665;&#22269;&#23398;&#26415;&#25991;&#21270;&#21517;&#33879;. &#31532;&#22235;&#36753;.</subfield>
</datafield>
<datafield tag="880" ind1=" " ind2="4">
<subfield code="6">651-06/</subfield>
<subfield code="a">&#27743;&#33487;&#30465;(China)</subfield>
<subfield code="x">Antiquities.</subfield>
</datafield>
<datafield tag="880" ind1=" " ind2="4">
<subfield code="6">651-07/</subfield>
<subfield code="a">&#21335;&#20140;&#24066; (China)</subfield>
<subfield code="x">Antiquities.</subfield>
</datafield>
<datafield tag="880" ind1=" " ind2="4">
<subfield code="6">651-08/</subfield>
<subfield code="a">&#38215;&#27743;&#24066; (China)</subfield>
<subfield code="x">Antiquities.</subfield>
</datafield>
<datafield tag="880" ind1=" " ind2="4">
<subfield code="6">651-09/</subfield>
<subfield code="a">&#27743;&#33487;&#30465;(China)</subfield>
<subfield code="x">Antiquities.</subfield>
</datafield>
<datafield tag="880" ind1=" " ind2="4">
<subfield code="6">651-10/</subfield>
<subfield code="a">&#21335;&#20140;&#24066; (China)</subfield>
<subfield code="x">Antiquities.</subfield>
</datafield>
<datafield tag="880" ind1=" " ind2="4">
<subfield code="6">651-11/</subfield>
<subfield code="a">&#38215;&#27743;&#24066; (China)</subfield>
<subfield code="x">Antiquities.</subfield>
</datafield>
<datafield tag="880" ind1="1" ind2=" ">
<subfield code="6">700-12/</subfield>
<subfield code="a">&#26417;&#24076;&#31062;,</subfield>
<subfield code="d">1879-1945.</subfield>
<subfield code="t">&#20845;&#26397;&#38517;&#22675;&#35843;&#26597;&#25253;&#21578;.</subfield>
</datafield>
<datafield tag="880" ind1="0" ind2="2">
<subfield code="6">740-13/</subfield>
<subfield code="a">&#20845;&#26397;&#38517;&#22675;&#35843;&#26597;&#25253;&#21578;.</subfield>
</datafield>
<datafield tag="830" ind1=" " ind2="0">
<subfield code="6">880-14</subfield>
<subfield code="a">Minguo xue shu wen hua ming zhu.</subfield>
<subfield code="n">Di 4 ji.</subfield>
</datafield>
<datafield tag="880" ind1=" " ind2="0">
<subfield code="6">830-14/</subfield>
<subfield code="a">&#27665;&#22269;&#23398;&#26415;&#25991;&#21270;&#21517;&#33879;.</subfield>
<subfield code="n">&#31532;4&#36753;.</subfield>
</datafield>
<datafield tag="OWN" ind1=" " ind2=" ">
<subfield code="a">GENERAL</subfield>
</datafield>
<datafield tag="AVA" ind1=" " ind2=" ">
<subfield code="a">NYU50</subfield>
<subfield code="b">NISAW</subfield>
<subfield code="c">Small Collection</subfield>
<subfield code="d">CC165 .Z46 2010 Non-circulating</subfield>
<subfield code="e">available</subfield>
<subfield code="t">Available</subfield>
<subfield code="f">1</subfield>
<subfield code="g">0</subfield>
<subfield code="h">N</subfield>
<subfield code="i">0</subfield>
<subfield code="j">SMALL</subfield>
<subfield code="k">0</subfield>
</datafield>
</record>