<record xmlns="http://www.loc.gov/MARC21/slim" xmlns:xsi="http://www.w3.org/2001/XMLSchema-instance" xsi:schemaLocation="http://www.loc.gov/MARC21/slim http://www.loc.gov/standards/marcxml/schema/MARC21slim.xsd">
<leader>00000cam a22      a 4500</leader>
<controlfield tag="FMT">BK</controlfield>
<controlfield tag="LDR">00000cam a22      a 4500</controlfield>
<controlfield tag="001">006060867</controlfield>
<controlfield tag="005">20180427133326.0</controlfield>
<controlfield tag="008">180423s2001    tu af    bc   001 0 tur d</controlfield>
<datafield tag="010" ind1=" " ind2=" ">
<subfield code="a">  2002331800</subfield>
</datafield>
<datafield tag="020" ind1=" " ind2=" ">
<subfield code="a">9751613892</subfield>
<subfield code="q">(hbk.)</subfield>
</datafield>
<datafield tag="020" ind1=" " ind2=" ">
<subfield code="a">9789751613899</subfield>
<subfield code="q">(hbk.)</subfield>
</datafield>
<datafield tag="035" ind1=" " ind2=" ">
<subfield code="a">(OCoLC)50440515</subfield>
</datafield>
<datafield tag="040" ind1=" " ind2=" ">
<subfield code="a">B9K</subfield>
<subfield code="b">eng</subfield>
<subfield code="c">DLC</subfield>
<subfield code="d">B9K</subfield>
<subfield code="d">ZCU</subfield>
<subfield code="d">OCLCO</subfield>
<subfield code="d">OCLCF</subfield>
<subfield code="d">OCLCQ</subfield>
<subfield code="d">ZYU</subfield>
</datafield>
<datafield tag="041" ind1="0" ind2=" ">
<subfield code="a">tur</subfield>
<subfield code="a">eng</subfield>
</datafield>
<datafield tag="042" ind1=" " ind2=" ">
<subfield code="a">lccopycat</subfield>
</datafield>
<datafield tag="043" ind1=" " ind2=" ">
<subfield code="a">a-tu---</subfield>
</datafield>
<datafield tag="050" ind1="0" ind2="0">
<subfield code="a">CD5344</subfield>
<subfield code="b">.O29 2001</subfield>
</datafield>
<datafield tag="100" ind1="1" ind2=" ">
<subfield code="a">&#214;zg&#252;&#231;, Nimet.</subfield>
</datafield>
<datafield tag="245" ind1="1" ind2="0">
<subfield code="a">K&#252;ltepe-Kani&#353; :</subfield>
<subfield code="b">m&#252;h&#252;rl&#252; ve yaz&#305;tl&#305; kil bullalar = sealed and inscribed clay bullae /</subfield>
<subfield code="c">Nimet &#214;zg&#252;&#231;, &#214;nhan Tunca.</subfield>
</datafield>
<datafield tag="246" ind1="1" ind2="1">
<subfield code="a">K&#252;ltepe-Kani&#353; :</subfield>
<subfield code="b">sealed and inscribed clay bullae</subfield>
</datafield>
<datafield tag="260" ind1=" " ind2=" ">
<subfield code="a">Ankara :</subfield>
<subfield code="b">Atat&#252;rk K&#252;lt&#252;r, Dil ve Tarih Y&#252;ksek Kurumu,</subfield>
<subfield code="c">2001.</subfield>
</datafield>
<datafield tag="300" ind1=" " ind2=" ">
<subfield code="a">xxxiv, 358 pages, [162] pages of plates :</subfield>
<subfield code="b">illustrations (some color) ;</subfield>
<subfield code="c">32 cm.</subfield>
</datafield>
<datafield tag="336" ind1=" " ind2=" ">
<subfield code="a">text</subfield>
<subfield code="b">txt</subfield>
<subfield code="2">rdacontent</subfield>
</datafield>
<datafield tag="337" ind1=" " ind2=" ">
<subfield code="a">unmediated</subfield>
<subfield code="b">n</subfield>
<subfield code="2">rdamedia</subfield>
</datafield>
<datafield tag="338" ind1=" " ind2=" ">
<subfield code="a">volume</subfield>
<subfield code="b">nc</subfield>
<subfield code="2">rdacarrier</subfield>
</datafield>
<datafield tag="490" ind1="1" ind2=" ">
<subfield code="a">T&#252;rk Tarih Kurumu Yay&#305;nlar&#305;. V. dizi ;</subfield>
<subfield code="v">say&#305; 48</subfield>
</datafield>
<datafield tag="546" ind1=" " ind2=" ">
<subfield code="a">Turkish and English.</subfield>
</datafield>
<datafield tag="504" ind1=" " ind2=" ">
<subfield code="a">Includes bibliographical references and index.</subfield>
</datafield>
<datafield tag="505" ind1="0" ind2=" ">
<subfield code="a">M&#252;h&#252;rl&#252; kil bullalar = Sealed clay bullae / Nimet &#214;zg&#252;&#231; -- Silindir m&#252;h&#252;r baskilari ve kil bullalarda yazitlar = Inscriptions on the cylinder seal impressions and on the bullae / &#214;nhan Tunca.</subfield>
</datafield>
<datafield tag="520" ind1=" " ind2=" ">
<subfield code="a">K&#252;ltepe-Kanesh (Extinct city); sealed and inscribed clay bullae; Turkey.</subfield>
</datafield>
<datafield tag="650" ind1=" " ind2="0">
<subfield code="a">Seals (Numismatics)</subfield>
<subfield code="z">Turkey.</subfield>
</datafield>
<datafield tag="650" ind1=" " ind2="0">
<subfield code="a">Seals (Numismatics)</subfield>
<subfield code="z">Turkey</subfield>
<subfield code="v">Catalogs.</subfield>
</datafield>
<datafield tag="650" ind1=" " ind2="0">
<subfield code="a">Cylinder seals</subfield>
<subfield code="z">Turkey.</subfield>
</datafield>
<datafield tag="650" ind1=" " ind2="0">
<subfield code="a">Cylinder seals</subfield>
<subfield code="z">Turkey</subfield>
<subfield code="v">Catalogs.</subfield>
</datafield>
<datafield tag="651" ind1=" " ind2="0">
<subfield code="a">Kanesh (Extinct city)</subfield>
</datafield>
<datafield tag="651" ind1=" " ind2="0">
<subfield code="a">Kanesh (Extinct city)</subfield>
<subfield code="v">Catalogs.</subfield>
</datafield>
<datafield tag="651" ind1=" " ind2="0">
<subfield code="a">Turkey</subfield>
<subfield code="x">Antiquities.</subfield>
</datafield>
<datafield tag="651" ind1=" " ind2="0">
<subfield code="a">Turkey</subfield>
<subfield code="x">Antiquities</subfield>
<subfield code="v">Catalogs.</subfield>
</datafield>
<datafield tag="650" ind1=" " ind2="0">
<subfield code="a">Excavations (Archaeology)</subfield>
<subfield code="z">Turkey</subfield>
<subfield code="z">Kanesh (Extinct city)</subfield>
<subfield code="v">Catalogs.</subfield>
</datafield>
<datafield tag="650" ind1=" " ind2="0">
<subfield code="a">Hittites.</subfield>
</datafield>
<datafield tag="651" ind1=" " ind2="7">
<subfield code="a">Anisa.</subfield>
<subfield code="2">pleiades</subfield>
<subfield code="0">https://pleiades.stoa.org/places/628923</subfield>
</datafield>
<datafield tag="650" ind1=" " ind2="7">
<subfield code="a">Antiquities.</subfield>
<subfield code="2">fast</subfield>
<subfield code="0">(OCoLC)fst00810745</subfield>
</datafield>
<datafield tag="650" ind1=" " ind2="7">
<subfield code="a">Cylinder seals.</subfield>
<subfield code="2">fast</subfield>
<subfield code="0">(OCoLC)fst00886039</subfield>
</datafield>
<datafield tag="650" ind1=" " ind2="7">
<subfield code="a">Excavations (Archaeology)</subfield>
<subfield code="2">fast</subfield>
<subfield code="0">(OCoLC)fst00917564</subfield>
</datafield>
<datafield tag="650" ind1=" " ind2="7">
<subfield code="a">Hittites.</subfield>
<subfield code="2">fast</subfield>
<subfield code="0">(OCoLC)fst00958415</subfield>
</datafield>
<datafield tag="650" ind1=" " ind2="7">
<subfield code="a">Seals (Numismatics)</subfield>
<subfield code="2">fast</subfield>
<subfield code="0">(OCoLC)fst01110321</subfield>
</datafield>
<datafield tag="651" ind1=" " ind2="7">
<subfield code="a">Turkey.</subfield>
<subfield code="2">fast</subfield>
<subfield code="0">(OCoLC)fst01208963</subfield>
</datafield>
<datafield tag="651" ind1=" " ind2="7">
<subfield code="a">Turkey</subfield>
<subfield code="z">Kanesh (Extinct city)</subfield>
<subfield code="2">fast</subfield>
<subfield code="0">(OCoLC)fst01897027</subfield>
</datafield>
<datafield tag="655" ind1=" " ind2="7">
<subfield code="a">Catalogs.</subfield>
<subfield code="2">fast</subfield>
<subfield code="0">(OCoLC)fst01423692</subfield>
</datafield>
<datafield tag="700" ind1="1" ind2=" ">
<subfield code="a">Tunca, &#214;.</subfield>
</datafield>
<datafield tag="830" ind1=" " ind2="0">
<subfield code="a">T&#252;rk Tarih Kurumu yay&#305;nlar&#305;ndan.</subfield>
<subfield code="n">V. dizi ;</subfield>
<subfield code="v">sa. 48.</subfield>
</datafield>
<datafield tag="OWN" ind1=" " ind2=" ">
<subfield code="a">GENERAL</subfield>
</datafield>
<datafield tag="AVA" ind1=" " ind2=" ">
<subfield code="a">NYU50</subfield>
<subfield code="b">NISAW</subfield>
<subfield code="c">Oversize Collection</subfield>
<subfield code="d">CD5344 .O29 2001 Non-circulating</subfield>
<subfield code="e">available</subfield>
<subfield code="t">Available</subfield>
<subfield code="f">1</subfield>
<subfield code="g">0</subfield>
<subfield code="h">N</subfield>
<subfield code="i">0</subfield>
<subfield code="j">OVERZ</subfield>
<subfield code="k">0</subfield>
</datafield>
</record>