<record xmlns="http://www.loc.gov/MARC21/slim" xmlns:xsi="http://www.w3.org/2001/XMLSchema-instance" xsi:schemaLocation="http://www.loc.gov/MARC21/slim http://www.loc.gov/standards/marcxml/schema/MARC21slim.xsd">
<leader>00000cam a22     Ia 4500</leader>
<controlfield tag="FMT">BK</controlfield>
<controlfield tag="LDR">00000cam a22     Ia 4500</controlfield>
<controlfield tag="001">006048429</controlfield>
<controlfield tag="005">20180404151701.0</controlfield>
<controlfield tag="008">180320s1992    enkabf   b    001 0 eng d</controlfield>
<datafield tag="016" ind1="7" ind2=" ">
<subfield code="a">009797234</subfield>
<subfield code="2">Uk</subfield>
</datafield>
<datafield tag="020" ind1=" " ind2=" ">
<subfield code="a">0901405310</subfield>
</datafield>
<datafield tag="020" ind1=" " ind2=" ">
<subfield code="a">9780901405319</subfield>
</datafield>
<datafield tag="035" ind1=" " ind2=" ">
<subfield code="a">(OCoLC)28033091</subfield>
<subfield code="z">(OCoLC)60017900</subfield>
</datafield>
<datafield tag="040" ind1=" " ind2=" ">
<subfield code="a">WAU</subfield>
<subfield code="b">eng</subfield>
<subfield code="c">WAU</subfield>
<subfield code="d">YSM</subfield>
<subfield code="d">EYM</subfield>
<subfield code="d">GEBAY</subfield>
<subfield code="d">YDXCP</subfield>
<subfield code="d">ERN</subfield>
<subfield code="d">GBVCP</subfield>
<subfield code="d">OCLCQ</subfield>
<subfield code="d">OCLCO</subfield>
<subfield code="d">OCLCF</subfield>
<subfield code="d">UKMGB</subfield>
<subfield code="d">OCLCQ</subfield>
<subfield code="d">OCL</subfield>
<subfield code="d">DHA</subfield>
<subfield code="d">NNU</subfield>
</datafield>
<datafield tag="043" ind1=" " ind2=" ">
<subfield code="a">e-it---</subfield>
<subfield code="a">e-gr---</subfield>
</datafield>
<datafield tag="050" ind1=" " ind2="4">
<subfield code="a">CJ536.V4</subfield>
<subfield code="b">W55 1992</subfield>
</datafield>
<datafield tag="082" ind1="0" ind2="4">
<subfield code="a">737.4</subfield>
</datafield>
<datafield tag="084" ind1=" " ind2=" ">
<subfield code="a">15.13</subfield>
<subfield code="2">bcl</subfield>
</datafield>
<datafield tag="084" ind1=" " ind2=" ">
<subfield code="a">737.49377</subfield>
</datafield>
<datafield tag="100" ind1="1" ind2=" ">
<subfield code="a">Williams, Roderick T.</subfield>
</datafield>
<datafield tag="245" ind1="1" ind2="4">
<subfield code="a">The silver coinage of Velia /</subfield>
<subfield code="c">by Roderick T. Williams.</subfield>
</datafield>
<datafield tag="260" ind1=" " ind2=" ">
<subfield code="a">London :</subfield>
<subfield code="b">Royal Numismatic Society,</subfield>
<subfield code="c">1992.</subfield>
</datafield>
<datafield tag="300" ind1=" " ind2=" ">
<subfield code="a">xi, 152 pages, 47 pages of plates :</subfield>
<subfield code="b">illustrations, map ;</subfield>
<subfield code="c">31 cm.</subfield>
</datafield>
<datafield tag="336" ind1=" " ind2=" ">
<subfield code="a">text</subfield>
<subfield code="b">txt</subfield>
<subfield code="2">rdacontent</subfield>
</datafield>
<datafield tag="337" ind1=" " ind2=" ">
<subfield code="a">unmediated</subfield>
<subfield code="b">n</subfield>
<subfield code="2">rdamedia</subfield>
</datafield>
<datafield tag="338" ind1=" " ind2=" ">
<subfield code="a">volume</subfield>
<subfield code="b">nc</subfield>
<subfield code="2">rdacarrier</subfield>
</datafield>
<datafield tag="490" ind1="1" ind2=" ">
<subfield code="a">Special publication / Royal Numismatic Society ;</subfield>
<subfield code="v">no. 25</subfield>
</datafield>
<datafield tag="504" ind1=" " ind2=" ">
<subfield code="a">Includes bibliographical references and index.</subfield>
</datafield>
<datafield tag="530" ind1=" " ind2=" ">
<subfield code="a">Also issued online.</subfield>
</datafield>
<datafield tag="500" ind1=" " ind2=" ">
<subfield code="a">ISAW copy is from the library of F. Gordon Frost.</subfield>
<subfield code="5">NyNyUAW</subfield>
</datafield>
<datafield tag="650" ind1=" " ind2="0">
<subfield code="a">Silver coins</subfield>
<subfield code="z">Italy</subfield>
<subfield code="z">Velia (Extinct city)</subfield>
</datafield>
<datafield tag="650" ind1=" " ind2="0">
<subfield code="a">Coins, Greek</subfield>
<subfield code="z">Italy</subfield>
<subfield code="z">Velia (Extinct city)</subfield>
</datafield>
<datafield tag="651" ind1=" " ind2="0">
<subfield code="a">Velia (Extinct city)</subfield>
</datafield>
<datafield tag="651" ind1=" " ind2="7">
<subfield code="a">Velia/Elea.</subfield>
<subfield code="2">pleiades</subfield>
<subfield code="0">https://pleiades.stoa.org/places/452488</subfield>
<subfield code="5">NyNyUAW</subfield>
</datafield>
<datafield tag="650" ind1=" " ind2="7">
<subfield code="a">Coins, Greek.</subfield>
<subfield code="2">fast</subfield>
<subfield code="0">(OCoLC)fst00866765</subfield>
</datafield>
<datafield tag="650" ind1=" " ind2="7">
<subfield code="a">Silver coins.</subfield>
<subfield code="2">fast</subfield>
<subfield code="0">(OCoLC)fst01118885</subfield>
</datafield>
<datafield tag="651" ind1=" " ind2="7">
<subfield code="a">Italy</subfield>
<subfield code="z">Velia (Extinct city)</subfield>
<subfield code="2">fast</subfield>
<subfield code="0">(OCoLC)fst01897113</subfield>
</datafield>
<datafield tag="650" ind1="0" ind2="7">
<subfield code="a">Silberm&#252;nze.</subfield>
<subfield code="2">swd</subfield>
</datafield>
<datafield tag="650" ind1="0" ind2="7">
<subfield code="a">Geschichte (450 v. Chr.-275 v. Chr.)</subfield>
<subfield code="2">swd</subfield>
</datafield>
<datafield tag="651" ind1=" " ind2="7">
<subfield code="a">Elea.</subfield>
<subfield code="2">swd</subfield>
</datafield>
<datafield tag="700" ind1="1" ind2=" ">
<subfield code="a">Frost, Gordon,</subfield>
<subfield code="d">1935-2011,</subfield>
<subfield code="e">former owner.</subfield>
<subfield code="5">NyNyUAW</subfield>
</datafield>
<datafield tag="740" ind1="0" ind2=" ">
<subfield code="a">Frost Numismatic Library.</subfield>
<subfield code="5">NyNyUAW</subfield>
</datafield>
<datafield tag="776" ind1="0" ind2="8">
<subfield code="i">Online version:</subfield>
<subfield code="a">Williams, Roderick T.</subfield>
<subfield code="t">Silver coinage of Velia.</subfield>
<subfield code="d">London : Royal Numismatic Society, 1992</subfield>
<subfield code="w">(OCoLC)624304702</subfield>
</datafield>
<datafield tag="830" ind1=" " ind2="0">
<subfield code="a">Special publication (Royal Numismatic Society (Great Britain)) ;</subfield>
<subfield code="v">no. 25.</subfield>
</datafield>
<datafield tag="OWN" ind1=" " ind2=" ">
<subfield code="a">GENERAL</subfield>
</datafield>
<datafield tag="AVA" ind1=" " ind2=" ">
<subfield code="a">NYU50</subfield>
<subfield code="b">NISAW</subfield>
<subfield code="c">Large Collection</subfield>
<subfield code="d">CJ536.V4 W55 1992 Non-circulating</subfield>
<subfield code="e">available</subfield>
<subfield code="t">Available</subfield>
<subfield code="f">1</subfield>
<subfield code="g">0</subfield>
<subfield code="h">N</subfield>
<subfield code="i">0</subfield>
<subfield code="j">LARGE</subfield>
<subfield code="k">0</subfield>
</datafield>
</record>