<record xmlns="http://www.loc.gov/MARC21/slim" xmlns:xsi="http://www.w3.org/2001/XMLSchema-instance" xsi:schemaLocation="http://www.loc.gov/MARC21/slim http://www.loc.gov/standards/marcxml/schema/MARC21slim.xsd">
<leader>00000cam a22     Ii 4500</leader>
<controlfield tag="FMT">BK</controlfield>
<controlfield tag="LDR">00000cam a22     Ii 4500</controlfield>
<controlfield tag="001">006061019</controlfield>
<controlfield tag="005">20180424133553.0</controlfield>
<controlfield tag="008">180424r19641889enka     d    000 0 eng d</controlfield>
<datafield tag="015" ind1=" " ind2=" ">
<subfield code="a">GB65-3264</subfield>
</datafield>
<datafield tag="015" ind1=" " ind2=" ">
<subfield code="a">GB6503264</subfield>
<subfield code="2">bnb</subfield>
</datafield>
<datafield tag="035" ind1=" " ind2=" ">
<subfield code="a">(OCoLC)1816917</subfield>
<subfield code="z">(OCoLC)1000954703</subfield>
</datafield>
<datafield tag="040" ind1=" " ind2=" ">
<subfield code="a">FQG</subfield>
<subfield code="b">eng</subfield>
<subfield code="c">FQG</subfield>
<subfield code="d">UKM</subfield>
<subfield code="d">OCLCQ</subfield>
<subfield code="d">OCLCG</subfield>
<subfield code="d">DRB</subfield>
<subfield code="d">OCLCQ</subfield>
<subfield code="d">OCLCF</subfield>
<subfield code="d">OCLCQ</subfield>
<subfield code="d">OCLCO</subfield>
<subfield code="d">OCLCA</subfield>
<subfield code="d">DHA</subfield>
<subfield code="d">UEJ</subfield>
</datafield>
<datafield tag="043" ind1=" " ind2=" ">
<subfield code="a">e------</subfield>
<subfield code="a">aw-----</subfield>
<subfield code="a">ff-----</subfield>
</datafield>
<datafield tag="050" ind1=" " ind2="4">
<subfield code="a">CJ829</subfield>
<subfield code="b">.S8 1964</subfield>
</datafield>
<datafield tag="082" ind1="0" ind2="4">
<subfield code="a">737.4937</subfield>
<subfield code="2">18</subfield>
</datafield>
<datafield tag="084" ind1=" " ind2=" ">
<subfield code="a">737.4937</subfield>
</datafield>
<datafield tag="100" ind1="1" ind2=" ">
<subfield code="a">Stevenson, Seth William,</subfield>
<subfield code="d">1784-1853.</subfield>
</datafield>
<datafield tag="245" ind1="1" ind2="2">
<subfield code="a">A dictionary of Roman coins, republican and imperial /</subfield>
<subfield code="c">commenced by the late Seth William Stevenson ; revised, in part by C. Roach Smith, and completed by Frederic W. Madden ; illustrated by upwards of seven hundred engravings on wood, chiefly executed by the late F.W. Fairholt.</subfield>
</datafield>
<datafield tag="260" ind1=" " ind2=" ">
<subfield code="a">London :</subfield>
<subfield code="b">Seaby,</subfield>
<subfield code="c">1964.</subfield>
</datafield>
<datafield tag="300" ind1=" " ind2=" ">
<subfield code="a">viii, 929 pages :</subfield>
<subfield code="b">illustrations ;</subfield>
<subfield code="c">25 cm</subfield>
</datafield>
<datafield tag="336" ind1=" " ind2=" ">
<subfield code="a">text</subfield>
<subfield code="b">txt</subfield>
<subfield code="2">rdacontent</subfield>
</datafield>
<datafield tag="337" ind1=" " ind2=" ">
<subfield code="a">unmediated</subfield>
<subfield code="b">n</subfield>
<subfield code="2">rdamedia</subfield>
</datafield>
<datafield tag="338" ind1=" " ind2=" ">
<subfield code="a">volume</subfield>
<subfield code="b">nc</subfield>
<subfield code="2">rdacarrier</subfield>
</datafield>
<datafield tag="500" ind1=" " ind2=" ">
<subfield code="a">Reprint of the 1889 ed. published by G. Bell, London.</subfield>
</datafield>
<datafield tag="500" ind1=" " ind2=" ">
<subfield code="a">ISAW copy is from the library of F. Gordon Frost.</subfield>
<subfield code="5">NyNyUAW</subfield>
</datafield>
<datafield tag="650" ind1=" " ind2="0">
<subfield code="a">Numismatics</subfield>
<subfield code="z">Rome</subfield>
<subfield code="v">Dictionaries.</subfield>
</datafield>
<datafield tag="650" ind1=" " ind2="7">
<subfield code="a">Numismatics.</subfield>
<subfield code="2">fast</subfield>
<subfield code="0">(OCoLC)fst01041327</subfield>
</datafield>
<datafield tag="651" ind1=" " ind2="7">
<subfield code="a">Rome (Empire)</subfield>
<subfield code="2">fast</subfield>
<subfield code="0">(OCoLC)fst01204885</subfield>
</datafield>
<datafield tag="655" ind1=" " ind2="7">
<subfield code="a">Dictionaries.</subfield>
<subfield code="2">fast</subfield>
<subfield code="0">(OCoLC)fst01423826</subfield>
</datafield>
<datafield tag="700" ind1="1" ind2=" ">
<subfield code="a">Smith, Charles Roach,</subfield>
<subfield code="d">1807-1890,</subfield>
<subfield code="e">editor.</subfield>
</datafield>
<datafield tag="700" ind1="1" ind2=" ">
<subfield code="a">Madden, Frederic W.</subfield>
<subfield code="q">(Frederic William)</subfield>
</datafield>
<datafield tag="700" ind1="1" ind2=" ">
<subfield code="a">Frost, Gordon,</subfield>
<subfield code="d">1935-2011,</subfield>
<subfield code="e">former owner.</subfield>
<subfield code="5">NyNyUAW</subfield>
</datafield>
<datafield tag="740" ind1="0" ind2=" ">
<subfield code="a">Frost Numismatic Library.</subfield>
<subfield code="5">NyNyUAW</subfield>
</datafield>
<datafield tag="776" ind1="0" ind2="8">
<subfield code="i">Online version:</subfield>
<subfield code="a">Stevenson, Seth William, 1784-1853.</subfield>
<subfield code="t">Dictionary of Roman coins, republican and imperial.</subfield>
<subfield code="d">London : Seaby, 1964</subfield>
<subfield code="w">(OCoLC)988013621</subfield>
</datafield>
<datafield tag="OWN" ind1=" " ind2=" ">
<subfield code="a">GENERAL</subfield>
</datafield>
<datafield tag="AVA" ind1=" " ind2=" ">
<subfield code="a">NYU50</subfield>
<subfield code="b">NISAW</subfield>
<subfield code="c">Reference 3 Collection</subfield>
<subfield code="d">CJ829 .S8 1964 Non-circulating</subfield>
<subfield code="e">available</subfield>
<subfield code="t">Available</subfield>
<subfield code="f">1</subfield>
<subfield code="g">0</subfield>
<subfield code="h">N</subfield>
<subfield code="i">0</subfield>
<subfield code="j">REF3</subfield>
<subfield code="k">0</subfield>
</datafield>
</record>