<record xmlns="http://www.loc.gov/MARC21/slim" xmlns:xsi="http://www.w3.org/2001/XMLSchema-instance" xsi:schemaLocation="http://www.loc.gov/MARC21/slim http://www.loc.gov/standards/marcxml/schema/MARC21slim.xsd">
<leader>00000cam a22     Ii 4500</leader>
<controlfield tag="FMT">BK</controlfield>
<controlfield tag="LDR">00000cam a22     Ii 4500</controlfield>
<controlfield tag="001">006061258</controlfield>
<controlfield tag="005">20180425141252.0</controlfield>
<controlfield tag="008">180425s2017    fr ab    b    001 0 fre d</controlfield>
<datafield tag="020" ind1=" " ind2=" ">
<subfield code="a">9782251446868</subfield>
</datafield>
<datafield tag="020" ind1=" " ind2=" ">
<subfield code="a">2251446869</subfield>
</datafield>
<datafield tag="035" ind1=" " ind2=" ">
<subfield code="a">(OCoLC)989743149</subfield>
</datafield>
<datafield tag="040" ind1=" " ind2=" ">
<subfield code="a">ERASP</subfield>
<subfield code="b">eng</subfield>
<subfield code="e">rda</subfield>
<subfield code="c">ERASP</subfield>
<subfield code="d">OCLCQ</subfield>
<subfield code="d">ZYU</subfield>
</datafield>
<datafield tag="043" ind1=" " ind2=" ">
<subfield code="a">a-cc---</subfield>
</datafield>
<datafield tag="050" ind1=" " ind2="4">
<subfield code="a">CJ3496</subfield>
<subfield code="b">.T553 2017</subfield>
</datafield>
<datafield tag="082" ind1="0" ind2="4">
<subfield code="a">709.5</subfield>
</datafield>
<datafield tag="100" ind1="1" ind2=" ">
<subfield code="a">Thierry, Fran&#231;ois,</subfield>
<subfield code="e">author.</subfield>
</datafield>
<datafield tag="245" ind1="1" ind2="4">
<subfield code="a">Les monnaies de la Chine ancienne :</subfield>
<subfield code="b">des origines &#224; la fin de l'Empire /</subfield>
<subfield code="c">Fran&#231;ois Thierry.</subfield>
</datafield>
<datafield tag="264" ind1=" " ind2="1">
<subfield code="a">Paris :</subfield>
<subfield code="b">Les Belles Lettres,</subfield>
<subfield code="c">2017.</subfield>
</datafield>
<datafield tag="300" ind1=" " ind2=" ">
<subfield code="a">685 pages :</subfield>
<subfield code="b">color illustrations, maps ;</subfield>
<subfield code="c">25 cm</subfield>
</datafield>
<datafield tag="336" ind1=" " ind2=" ">
<subfield code="a">text</subfield>
<subfield code="b">txt</subfield>
<subfield code="2">rdacontent</subfield>
</datafield>
<datafield tag="337" ind1=" " ind2=" ">
<subfield code="a">unmediated</subfield>
<subfield code="b">n</subfield>
<subfield code="2">rdamedia</subfield>
</datafield>
<datafield tag="338" ind1=" " ind2=" ">
<subfield code="a">volume</subfield>
<subfield code="b">nc</subfield>
<subfield code="2">rdacarrier</subfield>
</datafield>
<datafield tag="504" ind1=" " ind2=" ">
<subfield code="a">Includes bibliographical references and index.</subfield>
</datafield>
<datafield tag="520" ind1="8" ind2=" ">
<subfield code="a">V&#233;ritable somme, fruit de plusieurs d&#233;cennies de recherche, ce livre est &#224; ce jour la synth&#232;se la plus compl&#232;te sur les monnaies de la Chine ancienne, des origines &#224; la fin de l?Empire (1911). Mobilisant une grande vari&#233;t&#233; de sources, il conduit le lecteur au travers d?une aventure mon&#233;taire multis&#233;culaire et, ce faisant, trace une passionnante histoire g&#233;n&#233;rale de la Chine.00Alors que le monde occidental fonctionnait sur le mod&#232;le de la valeur intrins&#232;que de la monnaie (li&#233;e &#224; la valeur de la mati&#232;re dont elle est constitu&#233;e), le monde chinois a &#177; invent&#233;? la monnaie fiduciaire : celle dont la valeur repose sur la loi. D&#232;s le xe si&#232;cle av. J.-C., les Chinois ont mis au point un syst&#232;me o&#249; un objet sp&#233;cifique est &#224; la fois unit&#233; de compte, mesure de la valeur des biens et moyen de paiement et d?&#233;change. Un syst&#232;me avec pour seul signe mon&#233;taire une pi&#232;ce de bronze.</subfield>
</datafield>
<datafield tag="650" ind1=" " ind2="0">
<subfield code="a">Numismatics</subfield>
<subfield code="z">China</subfield>
<subfield code="x">History.</subfield>
</datafield>
<datafield tag="650" ind1=" " ind2="0">
<subfield code="a">Money</subfield>
<subfield code="z">China</subfield>
<subfield code="x">History.</subfield>
</datafield>
<datafield tag="OWN" ind1=" " ind2=" ">
<subfield code="a">GENERAL</subfield>
</datafield>
<datafield tag="AVA" ind1=" " ind2=" ">
<subfield code="a">NYU50</subfield>
<subfield code="b">NISAW</subfield>
<subfield code="c">Small Collection</subfield>
<subfield code="d">CJ3496 .T553 2017 Non-circulating</subfield>
<subfield code="e">available</subfield>
<subfield code="t">Available</subfield>
<subfield code="f">1</subfield>
<subfield code="g">0</subfield>
<subfield code="h">N</subfield>
<subfield code="i">0</subfield>
<subfield code="j">SMALL</subfield>
<subfield code="k">0</subfield>
</datafield>
</record>