<record xmlns="http://www.loc.gov/MARC21/slim" xmlns:xsi="http://www.w3.org/2001/XMLSchema-instance" xsi:schemaLocation="http://www.loc.gov/MARC21/slim http://www.loc.gov/standards/marcxml/schema/MARC21slim.xsd">
<leader>00000cam a22     Ia 4500</leader>
<controlfield tag="FMT">BK</controlfield>
<controlfield tag="LDR">00000cam a22     Ia 4500</controlfield>
<controlfield tag="001">006056478</controlfield>
<controlfield tag="005">20180418154321.0</controlfield>
<controlfield tag="008">180411s1994    gw ab    b    000 0 ger d</controlfield>
<datafield tag="015" ind1=" " ind2=" ">
<subfield code="a">94A191125</subfield>
<subfield code="2">dnb</subfield>
</datafield>
<datafield tag="016" ind1="7" ind2=" ">
<subfield code="a">940788608</subfield>
<subfield code="2">DE-101</subfield>
</datafield>
<datafield tag="020" ind1=" " ind2=" ">
<subfield code="a">345833274X</subfield>
</datafield>
<datafield tag="020" ind1=" " ind2=" ">
<subfield code="a">9783458332749</subfield>
</datafield>
<datafield tag="035" ind1=" " ind2=" ">
<subfield code="a">(OCoLC)33195991</subfield>
</datafield>
<datafield tag="040" ind1=" " ind2=" ">
<subfield code="a">WTU</subfield>
<subfield code="b">eng</subfield>
<subfield code="c">WTU</subfield>
<subfield code="d">OCLCQ</subfield>
<subfield code="d">GBVCP</subfield>
<subfield code="d">GEBAY</subfield>
<subfield code="d">OCLCQ</subfield>
<subfield code="d">OCLCO</subfield>
<subfield code="d">OCLCF</subfield>
<subfield code="d">OCLCQ</subfield>
<subfield code="d">DEBBG</subfield>
<subfield code="d">NNU</subfield>
</datafield>
<datafield tag="043" ind1=" " ind2=" ">
<subfield code="a">e-gx---</subfield>
</datafield>
<datafield tag="050" ind1=" " ind2="4">
<subfield code="a">DD901.T81</subfield>
<subfield code="b">T742 1994</subfield>
</datafield>
<datafield tag="084" ind1=" " ind2=" ">
<subfield code="a">15.54</subfield>
<subfield code="2">bcl</subfield>
</datafield>
<datafield tag="084" ind1=" " ind2=" ">
<subfield code="a">61</subfield>
<subfield code="2">sdnb</subfield>
</datafield>
<datafield tag="084" ind1=" " ind2=" ">
<subfield code="a">ERD 373 TRI</subfield>
<subfield code="2">sfb</subfield>
</datafield>
<datafield tag="084" ind1=" " ind2=" ">
<subfield code="a">GESCH 520 TRIER</subfield>
<subfield code="2">sfb</subfield>
</datafield>
<datafield tag="084" ind1=" " ind2=" ">
<subfield code="a">ED 3010</subfield>
<subfield code="2">rvk</subfield>
</datafield>
<datafield tag="245" ind1="0" ind2="0">
<subfield code="a">Trier :</subfield>
<subfield code="b">Deutschlands &#228;lteste Stadt : Reisebuch /</subfield>
<subfield code="c">herausgegeben von Michael Schroeder ; mit Fotografien von Konstantin Schroeder.</subfield>
</datafield>
<datafield tag="250" ind1=" " ind2=" ">
<subfield code="a">1. Aufl.</subfield>
</datafield>
<datafield tag="260" ind1=" " ind2=" ">
<subfield code="a">Frankfurt am Main :</subfield>
<subfield code="b">Insel,</subfield>
<subfield code="c">1994.</subfield>
</datafield>
<datafield tag="300" ind1=" " ind2=" ">
<subfield code="a">260, [6] pages :</subfield>
<subfield code="b">illustrations, map ;</subfield>
<subfield code="c">18 cm.</subfield>
</datafield>
<datafield tag="336" ind1=" " ind2=" ">
<subfield code="a">text</subfield>
<subfield code="b">txt</subfield>
<subfield code="2">rdacontent</subfield>
</datafield>
<datafield tag="337" ind1=" " ind2=" ">
<subfield code="a">unmediated</subfield>
<subfield code="b">n</subfield>
<subfield code="2">rdamedia</subfield>
</datafield>
<datafield tag="338" ind1=" " ind2=" ">
<subfield code="a">volume</subfield>
<subfield code="b">nc</subfield>
<subfield code="2">rdacarrier</subfield>
</datafield>
<datafield tag="490" ind1="0" ind2=" ">
<subfield code="a">Insel Taschenbuch ;</subfield>
<subfield code="v">1574</subfield>
</datafield>
<datafield tag="520" ind1=" " ind2=" ">
<subfield code="a">An anthology of writings from all time periods about the city.</subfield>
</datafield>
<datafield tag="504" ind1=" " ind2=" ">
<subfield code="a">Includes bibliographical references (pages 254-261).</subfield>
</datafield>
<datafield tag="500" ind1=" " ind2=" ">
<subfield code="a">ISAW copy is from the library of Aleksandr Leskov.</subfield>
<subfield code="5">NyNyUAW</subfield>
</datafield>
<datafield tag="651" ind1=" " ind2="0">
<subfield code="a">Trier (Germany)</subfield>
</datafield>
<datafield tag="651" ind1=" " ind2="0">
<subfield code="a">Trier (Germany)</subfield>
<subfield code="x">History.</subfield>
</datafield>
<datafield tag="651" ind1=" " ind2="7">
<subfield code="a">Col. Augusta Treverorum.</subfield>
<subfield code="2">pleiades</subfield>
<subfield code="0">https://pleiades.stoa.org/places/108894</subfield>
<subfield code="5">NyNyUAW</subfield>
</datafield>
<datafield tag="651" ind1=" " ind2="7">
<subfield code="a">Germany</subfield>
<subfield code="z">Trier.</subfield>
<subfield code="2">fast</subfield>
<subfield code="0">(OCoLC)fst01209770</subfield>
</datafield>
<datafield tag="650" ind1="0" ind2="7">
<subfield code="a">Aufsatzsammlung.</subfield>
<subfield code="2">swd</subfield>
</datafield>
<datafield tag="650" ind1="0" ind2="7">
<subfield code="a">Belletristische Darstellung.</subfield>
<subfield code="2">swd</subfield>
</datafield>
<datafield tag="651" ind1=" " ind2="7">
<subfield code="a">Trier.</subfield>
<subfield code="2">swd</subfield>
</datafield>
<datafield tag="651" ind1=" " ind2="7">
<subfield code="a">Trier.</subfield>
<subfield code="0">(DE-588)4060877-3</subfield>
<subfield code="2">gnd</subfield>
</datafield>
<datafield tag="655" ind1=" " ind2="4">
<subfield code="a">Aufsatzsammlung.</subfield>
</datafield>
<datafield tag="655" ind1=" " ind2="4">
<subfield code="a">Belletristische Darstellung.</subfield>
</datafield>
<datafield tag="700" ind1="1" ind2=" ">
<subfield code="a">Schroeder, Michael.</subfield>
</datafield>
<datafield tag="700" ind1="1" ind2=" ">
<subfield code="a">Schroeder, Konstantin.</subfield>
</datafield>
<datafield tag="700" ind1="1" ind2=" ">
<subfield code="a">Leskov, Aleksandr Mikha&#301;lovich,</subfield>
<subfield code="e">former owner.</subfield>
<subfield code="5">NyNyUAW</subfield>
</datafield>
<datafield tag="740" ind1="0" ind2=" ">
<subfield code="a">Leskov Collection.</subfield>
<subfield code="5">NyNyUAW</subfield>
</datafield>
<datafield tag="OWN" ind1=" " ind2=" ">
<subfield code="a">GENERAL</subfield>
</datafield>
<datafield tag="AVA" ind1=" " ind2=" ">
<subfield code="a">NYU50</subfield>
<subfield code="b">NISAW</subfield>
<subfield code="c">Small Collection</subfield>
<subfield code="d">DD901.T81 T742 1994 Non-circulating</subfield>
<subfield code="e">available</subfield>
<subfield code="t">Available</subfield>
<subfield code="f">1</subfield>
<subfield code="g">0</subfield>
<subfield code="h">N</subfield>
<subfield code="i">0</subfield>
<subfield code="j">SMALL</subfield>
<subfield code="k">0</subfield>
</datafield>
</record>