<record xmlns="http://www.loc.gov/MARC21/slim" xmlns:xsi="http://www.w3.org/2001/XMLSchema-instance" xsi:schemaLocation="http://www.loc.gov/MARC21/slim http://www.loc.gov/standards/marcxml/schema/MARC21slim.xsd">
<leader>00000cam a2200445Ii 4500</leader>
<controlfield tag="FMT">BK</controlfield>
<controlfield tag="LDR">00000cam a2200445Ii 4500</controlfield>
<controlfield tag="001">006055815</controlfield>
<controlfield tag="003">OCoLC</controlfield>
<controlfield tag="005">20180410142330.0</controlfield>
<controlfield tag="008">180226t20182018enkaf    b    001 0 eng d</controlfield>
<datafield tag="020" ind1=" " ind2=" ">
<subfield code="a">9781138243248</subfield>
<subfield code="q">(hardback)</subfield>
</datafield>
<datafield tag="020" ind1=" " ind2=" ">
<subfield code="a">1138243248</subfield>
<subfield code="q">(hardback)</subfield>
</datafield>
<datafield tag="035" ind1=" " ind2=" ">
<subfield code="a">(OCoLC)1024317622</subfield>
</datafield>
<datafield tag="040" ind1=" " ind2=" ">
<subfield code="a">CDX</subfield>
<subfield code="b">eng</subfield>
<subfield code="e">rda</subfield>
<subfield code="c">CDX</subfield>
<subfield code="d">CDX</subfield>
<subfield code="d">OCLCF</subfield>
<subfield code="d">ZYU</subfield>
</datafield>
<datafield tag="043" ind1=" " ind2=" ">
<subfield code="a">e-gr---</subfield>
</datafield>
<datafield tag="050" ind1=" " ind2="4">
<subfield code="a">DF77</subfield>
<subfield code="b">.H5465 2018</subfield>
</datafield>
<datafield tag="082" ind1="0" ind2="4">
<subfield code="a">938</subfield>
<subfield code="2">23</subfield>
</datafield>
<datafield tag="245" ind1="0" ind2="0">
<subfield code="a">Hellenomania /</subfield>
<subfield code="c">edited by Katherine Harloe, Nicoletta Momigliano and Alexandre Farnoux.</subfield>
</datafield>
<datafield tag="264" ind1=" " ind2="1">
<subfield code="a">London :</subfield>
<subfield code="b">Routledge, Taylor &amp; Francis Group,</subfield>
<subfield code="c">2018.</subfield>
</datafield>
<datafield tag="264" ind1=" " ind2="4">
<subfield code="c">&#169;2018</subfield>
</datafield>
<datafield tag="300" ind1=" " ind2=" ">
<subfield code="a">xvii, 332 pages, 2 unnumbered pages of plates :</subfield>
<subfield code="b">illustrations (some color) ;</subfield>
<subfield code="c">24 cm.</subfield>
</datafield>
<datafield tag="336" ind1=" " ind2=" ">
<subfield code="a">text</subfield>
<subfield code="b">txt</subfield>
<subfield code="2">rdacontent</subfield>
</datafield>
<datafield tag="337" ind1=" " ind2=" ">
<subfield code="a">unmediated</subfield>
<subfield code="b">n</subfield>
<subfield code="2">rdamedia</subfield>
</datafield>
<datafield tag="338" ind1=" " ind2=" ">
<subfield code="a">volume</subfield>
<subfield code="b">nc</subfield>
<subfield code="2">rdacarrier</subfield>
</datafield>
<datafield tag="490" ind1="1" ind2=" ">
<subfield code="a">British School at Athens - Modern Greek and Byzantine studies ;</subfield>
<subfield code="v">volume 5</subfield>
</datafield>
<datafield tag="504" ind1=" " ind2=" ">
<subfield code="a">Includes bibliographical references and index.</subfield>
</datafield>
<datafield tag="505" ind1="0" ind2="0">
<subfield code="g">Part 1.</subfield>
<subfield code="t">Hellenomanias from Early Modern to Modernism.</subfield>
<subfield code="t">Modern Stage Design and Greek Antiquity /</subfield>
<subfield code="r">Fiona Macintosh --</subfield>
<subfield code="t">Winckelmania : Hellenomania between ideal and experience /</subfield>
<subfield code="r">Katherine Harloe --</subfield>
<subfield code="t">The British Reception of Greek visual culture in the nineteenth and twentieth centuries /</subfield>
<subfield code="r">Richard Jenkyns.</subfield>
<subfield code="g">Part 2.</subfield>
<subfield code="t">Ideal and Real Structures of Hellenomania.</subfield>
<subfield code="t">The Ideal and the Real in British Hellenomania, 1751-1851 /</subfield>
<subfield code="r">Frank Salmon --</subfield>
<subfield code="t">Making everyone Greek : citizens, athletes, and ideals of nationhood in nineteenth-century Britain, France and, Germany /</subfield>
<subfield code="r">Athena Leoussi --</subfield>
<subfield code="t">The Parthenon from the Greek Revival to the Modern Movement /</subfield>
<subfield code="r">Lena Lambrinou --</subfield>
<subfield code="t">The Greek spirit : current architecture and sculpture in England /</subfield>
<subfield code="r">David Watkin.</subfield>
<subfield code="g">Part 3.</subfield>
<subfield code="t">Hellenomania Comes to Life : Colour, Movement, and the Body.</subfield>
<subfield code="t">From Galatea to Tanagra : Victorian translations of the controversial colours of Greek sculpture /</subfield>
<subfield code="r">Charlotte Ribeyrol --</subfield>
<subfield code="t">"Grecian dances" and the transformations of corporeality in the age of moving images /</subfield>
<subfield code="r">Pantelis Michelakis --</subfield>
<subfield code="t">Fashioning a Modern Self in Greek Dress : the case of Eva Palmer Sikelianos /</subfield>
<subfield code="r">Artemis Leontis --</subfield>
<subfield code="t">From Delphi, 1927 /</subfield>
<subfield code="r">Eleni Sikelianou -- 12. Aphrodit&#234; kin&#234;matographik&#234; : Venus' Varieties and Vicissitudes /</subfield>
<subfield code="r">Martin M. Winkler.</subfield>
<subfield code="g">Part 4.</subfield>
<subfield code="t">Beyond Hellenomania?</subfield>
<subfield code="t">Las Incantadas of Salonica : searching for "enchantment" in a city's exiled heritage /</subfield>
<subfield code="r">Esther Solomon and Styliana Galiniki --</subfield>
<subfield code="g">Afterword</subfield>
<subfield code="t">Hellenomanias past, present, and future /</subfield>
<subfield code="r">Eleana Yalouri.</subfield>
</datafield>
<datafield tag="650" ind1=" " ind2="0">
<subfield code="a">Hellenism.</subfield>
</datafield>
<datafield tag="650" ind1=" " ind2="0">
<subfield code="a">Material culture</subfield>
<subfield code="z">Greece.</subfield>
</datafield>
<datafield tag="651" ind1=" " ind2="0">
<subfield code="a">Greece</subfield>
<subfield code="x">History.</subfield>
</datafield>
<datafield tag="651" ind1=" " ind2="0">
<subfield code="a">Greece</subfield>
<subfield code="x">Antiquities.</subfield>
</datafield>
<datafield tag="651" ind1=" " ind2="7">
<subfield code="a">Hellas.</subfield>
<subfield code="2">pleiades</subfield>
<subfield code="0">https://pleiades.stoa.org/places/1001896</subfield>
</datafield>
<datafield tag="650" ind1=" " ind2="7">
<subfield code="a">Antiquities.</subfield>
<subfield code="2">fast</subfield>
<subfield code="0">(OCoLC)fst00810745</subfield>
</datafield>
<datafield tag="650" ind1=" " ind2="7">
<subfield code="a">Hellenism.</subfield>
<subfield code="2">fast</subfield>
<subfield code="0">(OCoLC)fst00954758</subfield>
</datafield>
<datafield tag="650" ind1=" " ind2="7">
<subfield code="a">Material culture.</subfield>
<subfield code="2">fast</subfield>
<subfield code="0">(OCoLC)fst01011739</subfield>
</datafield>
<datafield tag="651" ind1=" " ind2="7">
<subfield code="a">Greece.</subfield>
<subfield code="2">fast</subfield>
<subfield code="0">(OCoLC)fst01208380</subfield>
</datafield>
<datafield tag="655" ind1=" " ind2="7">
<subfield code="a">History.</subfield>
<subfield code="2">fast</subfield>
<subfield code="0">(OCoLC)fst01411628</subfield>
</datafield>
<datafield tag="700" ind1="1" ind2=" ">
<subfield code="a">Harloe, Katherine,</subfield>
<subfield code="d">1978-</subfield>
<subfield code="e">editor.</subfield>
</datafield>
<datafield tag="830" ind1=" " ind2="0">
<subfield code="a">British School at Athens - Modern Greek and Byzantine studies ;</subfield>
<subfield code="v">v. 5.</subfield>
</datafield>
<datafield tag="994" ind1=" " ind2=" ">
<subfield code="a">Z0</subfield>
<subfield code="b">ZYU</subfield>
</datafield>
<datafield tag="OWN" ind1=" " ind2=" ">
<subfield code="a">GENERAL</subfield>
</datafield>
<datafield tag="AVA" ind1=" " ind2=" ">
<subfield code="a">NYU50</subfield>
<subfield code="b">NISAW</subfield>
<subfield code="c">Small Collection</subfield>
<subfield code="d">DF77 .H5465 2018 Non-circulating</subfield>
<subfield code="e">available</subfield>
<subfield code="t">Available</subfield>
<subfield code="f">1</subfield>
<subfield code="g">0</subfield>
<subfield code="h">N</subfield>
<subfield code="i">0</subfield>
<subfield code="j">SMALL</subfield>
<subfield code="k">0</subfield>
</datafield>
</record>