<record xmlns="http://www.loc.gov/MARC21/slim" xmlns:xsi="http://www.w3.org/2001/XMLSchema-instance" xsi:schemaLocation="http://www.loc.gov/MARC21/slim http://www.loc.gov/standards/marcxml/schema/MARC21slim.xsd">
<leader>00000cam a2200397Ii 4500</leader>
<controlfield tag="FMT">BK</controlfield>
<controlfield tag="LDR">00000cam a2200397Ii 4500</controlfield>
<controlfield tag="001">006059646</controlfield>
<controlfield tag="003">OCoLC</controlfield>
<controlfield tag="005">20180423100018.0</controlfield>
<controlfield tag="008">180423t20172017enkab    b    000 0 eng d</controlfield>
<datafield tag="020" ind1=" " ind2=" ">
<subfield code="a">1784917192</subfield>
<subfield code="q">(paperback)</subfield>
</datafield>
<datafield tag="020" ind1=" " ind2=" ">
<subfield code="a">9781784917197</subfield>
<subfield code="q">(paperback)</subfield>
</datafield>
<datafield tag="035" ind1=" " ind2=" ">
<subfield code="a">(OCoLC)1012701374</subfield>
</datafield>
<datafield tag="040" ind1=" " ind2=" ">
<subfield code="a">YDX</subfield>
<subfield code="b">eng</subfield>
<subfield code="e">rda</subfield>
<subfield code="c">YDX</subfield>
<subfield code="d">UAB</subfield>
<subfield code="d">OCLCF</subfield>
<subfield code="d">ZYU</subfield>
</datafield>
<datafield tag="043" ind1=" " ind2=" ">
<subfield code="a">e-gr---</subfield>
</datafield>
<datafield tag="050" ind1=" " ind2="4">
<subfield code="a">DF221.5</subfield>
<subfield code="b">.A34 2017</subfield>
</datafield>
<datafield tag="082" ind1="0" ind2="4">
<subfield code="a">939.1/5</subfield>
<subfield code="2">23</subfield>
</datafield>
<datafield tag="100" ind1="1" ind2=" ">
<subfield code="a">Agelarakis, Anagnostis P.,</subfield>
<subfield code="d">1956-</subfield>
<subfield code="e">author.</subfield>
</datafield>
<datafield tag="245" ind1="1" ind2="0">
<subfield code="a">Parian Polyandreia :</subfield>
<subfield code="b">the Late Geometric funerary legacy of cremated soldiers' bones on socio-political affairs and military organizational preparedness in Ancient Greece /</subfield>
<subfield code="c">Anagnostis P. Agelarakis.</subfield>
</datafield>
<datafield tag="264" ind1=" " ind2="1">
<subfield code="a">Oxford :</subfield>
<subfield code="b">Archaeopress Publishing Ltd,</subfield>
<subfield code="c">[2017]</subfield>
</datafield>
<datafield tag="264" ind1=" " ind2="4">
<subfield code="c">&#169;2017</subfield>
</datafield>
<datafield tag="300" ind1=" " ind2=" ">
<subfield code="a">xii, 396 pages :</subfield>
<subfield code="b">color illustrations, color map ;</subfield>
<subfield code="c">29 cm.</subfield>
</datafield>
<datafield tag="336" ind1=" " ind2=" ">
<subfield code="a">text</subfield>
<subfield code="b">txt</subfield>
<subfield code="2">rdacontent</subfield>
</datafield>
<datafield tag="337" ind1=" " ind2=" ">
<subfield code="a">unmediated</subfield>
<subfield code="b">n</subfield>
<subfield code="2">rdamedia</subfield>
</datafield>
<datafield tag="338" ind1=" " ind2=" ">
<subfield code="a">volume</subfield>
<subfield code="b">nc</subfield>
<subfield code="2">rdacarrier</subfield>
</datafield>
<datafield tag="490" ind1="1" ind2=" ">
<subfield code="a">Archaeopress archaeology</subfield>
</datafield>
<datafield tag="504" ind1=" " ind2=" ">
<subfield code="a">Includes bibliographical references (pages 223-230.</subfield>
</datafield>
<datafield tag="505" ind1="0" ind2="0">
<subfield code="t">Introduction --</subfield>
<subfield code="t">Methods --</subfield>
<subfield code="t">"Vase contexts" recovered from monumental tomb T144 --</subfield>
<subfield code="t">Metric studies of cremated human remains retrieved from T144 "vase contexts" --</subfield>
<subfield code="t">Bone elements and other materials recovered from T144 "non-vase contexts" --</subfield>
<subfield code="t">Metric studies of cremated human remains retrieved from "non-vase contexts" of T144 --</subfield>
<subfield code="t">Regarding a select number of T144 archaeological contexts' osteo-anthropological study results --</subfield>
<subfield code="t">"Archaeological contexts" with human cremains recovered from monumental tomb T105 --</subfield>
<subfield code="t">Metric studies of cremated human remains retrieved from "archaeological contexts" of T105, along with intra- and inter-site comparisons --</subfield>
<subfield code="t">Toward a synopsis of results on the anthropological materials studies from monumental tombs T144 and T105.</subfield>
</datafield>
<datafield tag="650" ind1=" " ind2="0">
<subfield code="a">Cremation</subfield>
<subfield code="z">Greece</subfield>
<subfield code="z">Paros.</subfield>
</datafield>
<datafield tag="650" ind1=" " ind2="0">
<subfield code="a">Forensic archaeology.</subfield>
</datafield>
<datafield tag="650" ind1=" " ind2="0">
<subfield code="a">Tombs</subfield>
<subfield code="z">Greece</subfield>
<subfield code="z">Paros.</subfield>
</datafield>
<datafield tag="651" ind1=" " ind2="7">
<subfield code="a">Paros.</subfield>
<subfield code="2">pleiades</subfield>
<subfield code="0">https://pleiades.stoa.org/places/599867</subfield>
</datafield>
<datafield tag="710" ind1="2" ind2=" ">
<subfield code="a">Shelby White and Leon Levy Program for Archaeological Publications (Firm),</subfield>
<subfield code="e">sponsoring body.</subfield>
</datafield>
<datafield tag="740" ind1="0" ind2=" ">
<subfield code="a">White-Levy Program Collection.</subfield>
<subfield code="5">NyNyUAW</subfield>
</datafield>
<datafield tag="740" ind1="0" ind2=" ">
<subfield code="a">WLP Collection.</subfield>
<subfield code="5">NyNyUAW</subfield>
</datafield>
<datafield tag="830" ind1=" " ind2="0">
<subfield code="a">Archaeopress archaeology.</subfield>
</datafield>
<datafield tag="994" ind1=" " ind2=" ">
<subfield code="a">Z0</subfield>
<subfield code="b">ZYU</subfield>
</datafield>
<datafield tag="OWN" ind1=" " ind2=" ">
<subfield code="a">GENERAL</subfield>
</datafield>
<datafield tag="AVA" ind1=" " ind2=" ">
<subfield code="a">NYU50</subfield>
<subfield code="b">NISAW</subfield>
<subfield code="c">Large Collection</subfield>
<subfield code="d">DF221.5 .A34 2017 Non-circulating</subfield>
<subfield code="e">available</subfield>
<subfield code="t">Available</subfield>
<subfield code="f">1</subfield>
<subfield code="g">0</subfield>
<subfield code="h">N</subfield>
<subfield code="i">0</subfield>
<subfield code="j">LARGE</subfield>
<subfield code="k">0</subfield>
</datafield>
</record>