<record xmlns="http://www.loc.gov/MARC21/slim" xmlns:xsi="http://www.w3.org/2001/XMLSchema-instance" xsi:schemaLocation="http://www.loc.gov/MARC21/slim http://www.loc.gov/standards/marcxml/schema/MARC21slim.xsd">
<leader>00000cam a22     Ia 4500</leader>
<controlfield tag="FMT">BK</controlfield>
<controlfield tag="LDR">00000cam a22     Ia 4500</controlfield>
<controlfield tag="001">006061273</controlfield>
<controlfield tag="005">20180427162532.0</controlfield>
<controlfield tag="008">180425s1978    gr ae    b    000 0 ger d</controlfield>
<datafield tag="035" ind1=" " ind2=" ">
<subfield code="a">(OCoLC)44049865</subfield>
</datafield>
<datafield tag="040" ind1=" " ind2=" ">
<subfield code="a">DUQ</subfield>
<subfield code="b">eng</subfield>
<subfield code="c">DUQ</subfield>
<subfield code="d">OCLCQ</subfield>
<subfield code="d">OCLCF</subfield>
<subfield code="d">OCLCO</subfield>
<subfield code="d">OCLCQ</subfield>
<subfield code="d">ZYU</subfield>
</datafield>
<datafield tag="041" ind1="1" ind2=" ">
<subfield code="a">ger</subfield>
<subfield code="h">gre</subfield>
</datafield>
<datafield tag="043" ind1=" " ind2=" ">
<subfield code="a">e-gr---</subfield>
</datafield>
<datafield tag="050" ind1=" " ind2="4">
<subfield code="a">DF287.A2</subfield>
<subfield code="b">P3 1978</subfield>
</datafield>
<datafield tag="100" ind1="1" ind2=" ">
<subfield code="a">Papathanassopoulos, G.</subfield>
</datafield>
<datafield tag="245" ind1="1" ind2="4">
<subfield code="a">Die Akropolis :</subfield>
<subfield code="b">Denkm&#228;ler und Museum /</subfield>
<subfield code="c">von G. Papathanassopoulos ; [&#252;bersetzt von Uta Schmidt].</subfield>
</datafield>
<datafield tag="260" ind1=" " ind2=" ">
<subfield code="a">Athen :</subfield>
<subfield code="b">Krene,</subfield>
<subfield code="c">[1978]</subfield>
</datafield>
<datafield tag="300" ind1=" " ind2=" ">
<subfield code="a">95 pages :</subfield>
<subfield code="b">illustrations (some color), plans ;</subfield>
<subfield code="c">25 cm</subfield>
</datafield>
<datafield tag="336" ind1=" " ind2=" ">
<subfield code="a">text</subfield>
<subfield code="b">txt</subfield>
<subfield code="2">rdacontent</subfield>
</datafield>
<datafield tag="337" ind1=" " ind2=" ">
<subfield code="a">unmediated</subfield>
<subfield code="b">n</subfield>
<subfield code="2">rdamedia</subfield>
</datafield>
<datafield tag="338" ind1=" " ind2=" ">
<subfield code="a">volume</subfield>
<subfield code="b">nc</subfield>
<subfield code="2">rdacarrier</subfield>
</datafield>
<datafield tag="504" ind1=" " ind2=" ">
<subfield code="a">Includes bibliographical references.</subfield>
</datafield>
<datafield tag="500" ind1=" " ind2=" ">
<subfield code="a">ISAW copy is from the library of Aleksandr Leskov.</subfield>
<subfield code="5">NyNyUAW</subfield>
</datafield>
<datafield tag="651" ind1=" " ind2="0">
<subfield code="a">Acropolis (Athens, Greece)</subfield>
</datafield>
<datafield tag="610" ind1="2" ind2="0">
<subfield code="a">Mouseio Akropol&#275;s.</subfield>
</datafield>
<datafield tag="651" ind1=" " ind2="7">
<subfield code="a">Athens (Greece)</subfield>
<subfield code="x">Antiquities</subfield>
<subfield code="v">Guidebooks.</subfield>
</datafield>
<datafield tag="651" ind1=" " ind2="7">
<subfield code="a">Acropolis of Athens.</subfield>
<subfield code="2">pleiades</subfield>
<subfield code="0">https://pleiades.stoa.org/places/638356144</subfield>
</datafield>
<datafield tag="610" ind1="2" ind2="7">
<subfield code="a">Mouseio Akropol&#275;s.</subfield>
<subfield code="2">fast</subfield>
<subfield code="0">(OCoLC)fst01754181</subfield>
</datafield>
<datafield tag="651" ind1=" " ind2="7">
<subfield code="a">Greece</subfield>
<subfield code="z">Athens</subfield>
<subfield code="z">Acropolis.</subfield>
<subfield code="2">fast</subfield>
<subfield code="0">(OCoLC)fst01316151</subfield>
</datafield>
<datafield tag="700" ind1="1" ind2=" ">
<subfield code="a">Leskov, Aleksandr Mikha&#301;lovich,</subfield>
<subfield code="e">former owner.</subfield>
<subfield code="5">NyNyUAW</subfield>
</datafield>
<datafield tag="740" ind1="0" ind2=" ">
<subfield code="a">Leskov Collection.</subfield>
<subfield code="5">NyNyUAW</subfield>
</datafield>
<datafield tag="OWN" ind1=" " ind2=" ">
<subfield code="a">GENERAL</subfield>
</datafield>
<datafield tag="AVA" ind1=" " ind2=" ">
<subfield code="a">NYU50</subfield>
<subfield code="b">NISAW</subfield>
<subfield code="c">Small Collection</subfield>
<subfield code="d">DF287.A2 P3 1978 Non-circulating</subfield>
<subfield code="e">available</subfield>
<subfield code="t">Available</subfield>
<subfield code="f">1</subfield>
<subfield code="g">0</subfield>
<subfield code="h">N</subfield>
<subfield code="i">0</subfield>
<subfield code="j">SMALL</subfield>
<subfield code="k">0</subfield>
</datafield>
</record>