<record xmlns="http://www.loc.gov/MARC21/slim" xmlns:xsi="http://www.w3.org/2001/XMLSchema-instance" xsi:schemaLocation="http://www.loc.gov/MARC21/slim http://www.loc.gov/standards/marcxml/schema/MARC21slim.xsd">
<leader>00000cam a2200301 a 4500</leader>
<controlfield tag="FMT">BK</controlfield>
<controlfield tag="LDR">00000cam a2200301 a 4500</controlfield>
<controlfield tag="001">000805909</controlfield>
<controlfield tag="003">NNU</controlfield>
<controlfield tag="005">20180412141443.0</controlfield>
<controlfield tag="008">020626m19912002enkb     b    001 0 eng</controlfield>
<datafield tag="020" ind1=" " ind2=" ">
<subfield code="a">0415003423 (pt. 1)</subfield>
</datafield>
<datafield tag="020" ind1=" " ind2=" ">
<subfield code="a">0415146879 (pt. 2)</subfield>
</datafield>
<datafield tag="035" ind1="9" ind2=" ">
<subfield code="a">NYUb12609720</subfield>
</datafield>
<datafield tag="035" ind1=" " ind2=" ">
<subfield code="a">(OCoLC)ocm50066174</subfield>
</datafield>
<datafield tag="040" ind1=" " ind2=" ">
<subfield code="a">JHE</subfield>
<subfield code="c">JHE</subfield>
<subfield code="d">NNU</subfield>
</datafield>
<datafield tag="043" ind1=" " ind2=" ">
<subfield code="a">e------</subfield>
<subfield code="a">ff-----</subfield>
<subfield code="a">aw-----</subfield>
<subfield code="a">a-ir---</subfield>
</datafield>
<datafield tag="050" ind1=" " ind2="4">
<subfield code="a">DG271</subfield>
<subfield code="b">.R56 1991</subfield>
</datafield>
<datafield tag="079" ind1=" " ind2=" ">
<subfield code="a">(OCoLC)50066174</subfield>
</datafield>
<datafield tag="245" ind1="0" ind2="4">
<subfield code="a">The Roman eastern frontier and the Persian Wars /</subfield>
<subfield code="c">compiled and edited by Michael H. Dodgeon and Samuel N.C. Lieu.</subfield>
</datafield>
<datafield tag="260" ind1=" " ind2=" ">
<subfield code="a">London ;</subfield>
<subfield code="a">New York :</subfield>
<subfield code="b">Routledge,</subfield>
<subfield code="c">1991-2002.</subfield>
</datafield>
<datafield tag="300" ind1=" " ind2=" ">
<subfield code="a">2 v. :</subfield>
<subfield code="b">maps ;</subfield>
<subfield code="c">24 cm.</subfield>
</datafield>
<datafield tag="500" ind1=" " ind2=" ">
<subfield code="a">Pt. 2 edited and compiled by Geoffrey Greatrex and Samuel N.C. Lieu.</subfield>
</datafield>
<datafield tag="504" ind1=" " ind2=" ">
<subfield code="a">Includes bibliographical references and indexes.</subfield>
</datafield>
<datafield tag="505" ind1="0" ind2="0">
<subfield code="g">[pt. 1]</subfield>
<subfield code="t">AD 226-363 : a documentary history --</subfield>
<subfield code="g">pt. 2.</subfield>
<subfield code="t">AD 363-630 : a narrative sourcebook.</subfield>
</datafield>
<datafield tag="500" ind1=" " ind2=" ">
<subfield code="a">ISAW copy (pt. 1) is from the library of C.R. Whittaker.</subfield>
<subfield code="5">NyNyUAW</subfield>
</datafield>
<datafield tag="500" ind1=" " ind2=" ">
<subfield code="a">ISAW copy (pt. 2) is from the Nina G. Garso&#239;an.</subfield>
<subfield code="5">NyNyUAW</subfield>
</datafield>
<datafield tag="651" ind1=" " ind2="0">
<subfield code="a">Rome</subfield>
<subfield code="x">Military relations</subfield>
<subfield code="z">Iran.</subfield>
</datafield>
<datafield tag="651" ind1=" " ind2="0">
<subfield code="a">Iran</subfield>
<subfield code="x">Military relations</subfield>
<subfield code="z">Rome.</subfield>
</datafield>
<datafield tag="651" ind1=" " ind2="0">
<subfield code="a">Rome</subfield>
<subfield code="x">History</subfield>
<subfield code="y">Empire, 30 B.C.-476 A.D.</subfield>
</datafield>
<datafield tag="651" ind1=" " ind2="0">
<subfield code="a">Iran</subfield>
<subfield code="x">History</subfield>
<subfield code="y">To 640.</subfield>
</datafield>
<datafield tag="700" ind1="1" ind2=" ">
<subfield code="a">Garso&#239;an, Nina G.,</subfield>
<subfield code="d">1923-</subfield>
<subfield code="e">former owner.</subfield>
<subfield code="5">NyNyUAW</subfield>
</datafield>
<datafield tag="740" ind1="0" ind2=" ">
<subfield code="a">Whittaker Collection.</subfield>
<subfield code="5">NyNyUAW</subfield>
</datafield>
<datafield tag="740" ind1="0" ind2=" ">
<subfield code="a">Garso&#239;an Collection.</subfield>
<subfield code="5">NyNyUAW</subfield>
</datafield>
<datafield tag="700" ind1="1" ind2=" ">
<subfield code="a">Dodgeon, Michael H.,</subfield>
<subfield code="d">1944-</subfield>
</datafield>
<datafield tag="700" ind1="1" ind2=" ">
<subfield code="a">Lieu, Samuel N. C.</subfield>
</datafield>
<datafield tag="700" ind1="1" ind2=" ">
<subfield code="a">Greatrex, Geoffrey.</subfield>
</datafield>
<datafield tag="700" ind1="1" ind2=" ">
<subfield code="a">Whittaker, C. R.,</subfield>
<subfield code="e">former owner.</subfield>
<subfield code="5">NyNyUAW</subfield>
</datafield>
<datafield tag="OWN" ind1=" " ind2=" ">
<subfield code="a">GENERAL</subfield>
</datafield>
<datafield tag="AVA" ind1=" " ind2=" ">
<subfield code="a">NYU50</subfield>
<subfield code="b">BOBST</subfield>
<subfield code="c">Main Collection</subfield>
<subfield code="d">DG271 .R56 1991</subfield>
<subfield code="e">available</subfield>
<subfield code="t">Available</subfield>
<subfield code="f">2</subfield>
<subfield code="g">0</subfield>
<subfield code="h">Y</subfield>
<subfield code="i">10</subfield>
<subfield code="j">MAIN</subfield>
<subfield code="k">0</subfield>
</datafield>
<datafield tag="AVA" ind1=" " ind2=" ">
<subfield code="a">NYU50</subfield>
<subfield code="b">NISAW</subfield>
<subfield code="c">Small Collection</subfield>
<subfield code="d">DG271 .R56 1991 Non-circulating</subfield>
<subfield code="e">available</subfield>
<subfield code="t">Available</subfield>
<subfield code="f">2</subfield>
<subfield code="g">0</subfield>
<subfield code="h">Y</subfield>
<subfield code="i">0</subfield>
<subfield code="j">SMALL</subfield>
<subfield code="k">0</subfield>
</datafield>
</record>