<record xmlns="http://www.loc.gov/MARC21/slim" xmlns:xsi="http://www.w3.org/2001/XMLSchema-instance" xsi:schemaLocation="http://www.loc.gov/MARC21/slim http://www.loc.gov/standards/marcxml/schema/MARC21slim.xsd">
<leader>00000nam a2200349Ii 4500</leader>
<controlfield tag="FMT">BK</controlfield>
<controlfield tag="LDR">00000nam a2200349Ii 4500</controlfield>
<controlfield tag="001">006060979</controlfield>
<controlfield tag="003">OCoLC</controlfield>
<controlfield tag="005">20180424103624.0</controlfield>
<controlfield tag="008">180424s2016    aj a     b    000 0 aze</controlfield>
<datafield tag="035" ind1=" " ind2=" ">
<subfield code="a">(OCoLC)1032191893</subfield>
</datafield>
<datafield tag="040" ind1=" " ind2=" ">
<subfield code="a">ZYU</subfield>
<subfield code="b">eng</subfield>
<subfield code="e">rda</subfield>
<subfield code="c">ZYU</subfield>
</datafield>
<datafield tag="041" ind1="1" ind2=" ">
<subfield code="a">aze</subfield>
<subfield code="a">rus</subfield>
<subfield code="a">eng</subfield>
</datafield>
<datafield tag="043" ind1=" " ind2=" ">
<subfield code="a">a-aj---</subfield>
</datafield>
<datafield tag="050" ind1=" " ind2="4">
<subfield code="a">DK699.5.G85</subfield>
<subfield code="b">G85 2016</subfield>
</datafield>
<datafield tag="245" ind1="0" ind2="0">
<subfield code="a">G&#252;l&#252;stan t&#252;rb&#228;si /</subfield>
<subfield code="c">n&#228;&#351;riyyat redaktoru, M. Qas&#305;mzad&#228;.</subfield>
</datafield>
<datafield tag="246" ind1="1" ind2=" ">
<subfield code="6">880-01</subfield>
<subfield code="i">Added title page in Russian:</subfield>
<subfield code="a">Mavzole&#301; Gi&#865;ulistan</subfield>
</datafield>
<datafield tag="246" ind1="1" ind2=" ">
<subfield code="i">Added title page in English:</subfield>
<subfield code="a">Gulustan tomb</subfield>
</datafield>
<datafield tag="264" ind1=" " ind2="1">
<subfield code="a">Nax&#231;&#305;van :</subfield>
<subfield code="b">"&#196;s&#228;mi" N&#228;&#351;riyyat-Poliqrafiya Birliyi,</subfield>
<subfield code="c">2016.</subfield>
</datafield>
<datafield tag="300" ind1=" " ind2=" ">
<subfield code="a">151 pages :</subfield>
<subfield code="b">illustrations (some color) ;</subfield>
<subfield code="c">24 cm</subfield>
</datafield>
<datafield tag="336" ind1=" " ind2=" ">
<subfield code="a">text</subfield>
<subfield code="b">txt</subfield>
<subfield code="2">rdacontent</subfield>
</datafield>
<datafield tag="337" ind1=" " ind2=" ">
<subfield code="a">unmediated</subfield>
<subfield code="b">n</subfield>
<subfield code="2">rdamedia</subfield>
</datafield>
<datafield tag="338" ind1=" " ind2=" ">
<subfield code="a">volume</subfield>
<subfield code="b">nc</subfield>
<subfield code="2">rdacarrier</subfield>
</datafield>
<datafield tag="500" ind1=" " ind2=" ">
<subfield code="a">At head of title: Az&#228;rbaycan Respublikas&#305;, Nax&#231;&#305;van Muxtar Respublikas&#305;.</subfield>
</datafield>
<datafield tag="546" ind1=" " ind2=" ">
<subfield code="a">Text in Azerbaijani, English, and Russian.</subfield>
</datafield>
<datafield tag="500" ind1=" " ind2=" ">
<subfield code="a">Gulustan tomb, a twelfth-century tower tomb near the village of Gulustan, Julfa region.</subfield>
</datafield>
<datafield tag="504" ind1=" " ind2=" ">
<subfield code="a">Includes bibliographical references (pages 129-133).</subfield>
</datafield>
<datafield tag="650" ind1=" " ind2="0">
<subfield code="a">Tombs</subfield>
<subfield code="z">Azerbaijan</subfield>
<subfield code="z">Culfa.</subfield>
</datafield>
<datafield tag="651" ind1=" " ind2="0">
<subfield code="a">Culfa (Azerbaijan)</subfield>
<subfield code="x">Antiquities.</subfield>
</datafield>
<datafield tag="700" ind1="1" ind2=" ">
<subfield code="a">Qas&#305;mzad&#228;, M.,</subfield>
<subfield code="e">editor.</subfield>
</datafield>
<datafield tag="880" ind1="1" ind2=" ">
<subfield code="6">246-01/</subfield>
<subfield code="i">Added title page in Russian:</subfield>
<subfield code="a">&#1052;&#1072;&#1074;&#1079;&#1086;&#1083;&#1077;&#1081; &#1043;&#1102;&#1083;&#1080;&#1089;&#1090;&#1072;&#1085;</subfield>
</datafield>
<datafield tag="994" ind1=" " ind2=" ">
<subfield code="a">Z0</subfield>
<subfield code="b">ZYU</subfield>
</datafield>
<datafield tag="OWN" ind1=" " ind2=" ">
<subfield code="a">GENERAL</subfield>
</datafield>
<datafield tag="AVA" ind1=" " ind2=" ">
<subfield code="a">NYU50</subfield>
<subfield code="b">NISAW</subfield>
<subfield code="c">Small Collection</subfield>
<subfield code="d">DK699.5.G85 G85 2016 Non-circulating</subfield>
<subfield code="e">available</subfield>
<subfield code="t">Available</subfield>
<subfield code="f">1</subfield>
<subfield code="g">0</subfield>
<subfield code="h">N</subfield>
<subfield code="i">0</subfield>
<subfield code="j">SMALL</subfield>
<subfield code="k">0</subfield>
</datafield>
</record>