<record xmlns="http://www.loc.gov/MARC21/slim" xmlns:xsi="http://www.w3.org/2001/XMLSchema-instance" xsi:schemaLocation="http://www.loc.gov/MARC21/slim http://www.loc.gov/standards/marcxml/schema/MARC21slim.xsd">
<leader>00000cam a2200469 i 4500</leader>
<controlfield tag="FMT">BK</controlfield>
<controlfield tag="LDR">00000cam a2200469 i 4500</controlfield>
<controlfield tag="001">006060989</controlfield>
<controlfield tag="003">OCoLC</controlfield>
<controlfield tag="005">20180424112822.0</controlfield>
<controlfield tag="008">180424s2011    aj a          000 0 aze d</controlfield>
<datafield tag="010" ind1=" " ind2=" ">
<subfield code="a">2016404926</subfield>
</datafield>
<datafield tag="020" ind1=" " ind2=" ">
<subfield code="a">9789952348064</subfield>
</datafield>
<datafield tag="020" ind1=" " ind2=" ">
<subfield code="a">9952348061</subfield>
</datafield>
<datafield tag="035" ind1=" " ind2=" ">
<subfield code="a">(OCoLC)965923028</subfield>
</datafield>
<datafield tag="040" ind1=" " ind2=" ">
<subfield code="a">COO</subfield>
<subfield code="b">eng</subfield>
<subfield code="e">rda</subfield>
<subfield code="c">COO</subfield>
<subfield code="d">DLC</subfield>
<subfield code="d">OCLCO</subfield>
<subfield code="d">OCLCF</subfield>
<subfield code="d">ZYU</subfield>
</datafield>
<datafield tag="041" ind1="1" ind2=" ">
<subfield code="a">aze</subfield>
<subfield code="a">eng</subfield>
<subfield code="e">rus</subfield>
</datafield>
<datafield tag="042" ind1=" " ind2=" ">
<subfield code="a">pcc</subfield>
</datafield>
<datafield tag="043" ind1=" " ind2=" ">
<subfield code="a">a-aj---</subfield>
</datafield>
<datafield tag="050" ind1="0" ind2="0">
<subfield code="a">DK699.A27</subfield>
<subfield code="b">A55 2011</subfield>
</datafield>
<datafield tag="100" ind1="1" ind2=" ">
<subfield code="a">&#196;liyev, Idris,</subfield>
<subfield code="d">1954-</subfield>
<subfield code="e">author.</subfield>
</datafield>
<datafield tag="245" ind1="1" ind2="0">
<subfield code="6">880-01</subfield>
<subfield code="a">Nam&#228;lum Ab&#351;eron =</subfield>
<subfield code="b">Unknown Absheron = Neizvestny&#301; Absheron /</subfield>
<subfield code="c">Idris &#196;liyev, Fikr&#228;t Abdullayev.</subfield>
</datafield>
<datafield tag="246" ind1="3" ind2="1">
<subfield code="a">Unknown Absheron</subfield>
</datafield>
<datafield tag="246" ind1="3" ind2="1">
<subfield code="6">880-02</subfield>
<subfield code="a">Neizvestny&#301; Absheron</subfield>
</datafield>
<datafield tag="264" ind1=" " ind2="1">
<subfield code="a">Baku :</subfield>
<subfield code="b">Digital Age Production,</subfield>
<subfield code="c">2011.</subfield>
</datafield>
<datafield tag="300" ind1=" " ind2=" ">
<subfield code="a">128 pages :</subfield>
<subfield code="b">illustrations ;</subfield>
<subfield code="c">22 x 24 cm</subfield>
</datafield>
<datafield tag="336" ind1=" " ind2=" ">
<subfield code="a">text</subfield>
<subfield code="b">txt</subfield>
<subfield code="2">rdacontent</subfield>
</datafield>
<datafield tag="337" ind1=" " ind2=" ">
<subfield code="a">unmediated</subfield>
<subfield code="b">n</subfield>
<subfield code="2">rdamedia</subfield>
</datafield>
<datafield tag="338" ind1=" " ind2=" ">
<subfield code="a">volume</subfield>
<subfield code="b">nc</subfield>
<subfield code="2">rdacarrier</subfield>
</datafield>
<datafield tag="546" ind1=" " ind2=" ">
<subfield code="a">In Azerbaijani, English and Russian.</subfield>
</datafield>
<datafield tag="651" ind1=" " ind2="0">
<subfield code="a">Apsheron Peninsula (Azerbaijan)</subfield>
<subfield code="x">Antiquities.</subfield>
</datafield>
<datafield tag="650" ind1=" " ind2="0">
<subfield code="a">Excavations (Archaeology)</subfield>
<subfield code="z">Azerbaijan</subfield>
<subfield code="z">Apsheron Peninsula.</subfield>
</datafield>
<datafield tag="651" ind1=" " ind2="0">
<subfield code="a">Azerbaijan</subfield>
<subfield code="x">Antiquities.</subfield>
</datafield>
<datafield tag="650" ind1=" " ind2="0">
<subfield code="a">Excavations (Archaeology)</subfield>
<subfield code="z">Azerbaijan.</subfield>
</datafield>
<datafield tag="651" ind1=" " ind2="7">
<subfield code="a">Absheron (peninsula)</subfield>
<subfield code="2">pleiades</subfield>
<subfield code="0">https://pleiades.stoa.org/places/281602871</subfield>
</datafield>
<datafield tag="650" ind1=" " ind2="7">
<subfield code="a">Antiquities.</subfield>
<subfield code="2">fast</subfield>
<subfield code="0">(OCoLC)fst00810745</subfield>
</datafield>
<datafield tag="650" ind1=" " ind2="7">
<subfield code="a">Excavations (Archaeology)</subfield>
<subfield code="2">fast</subfield>
<subfield code="0">(OCoLC)fst00917564</subfield>
</datafield>
<datafield tag="651" ind1=" " ind2="7">
<subfield code="a">Azerbaijan.</subfield>
<subfield code="2">fast</subfield>
<subfield code="0">(OCoLC)fst01260665</subfield>
</datafield>
<datafield tag="651" ind1=" " ind2="7">
<subfield code="a">Azerbaijan</subfield>
<subfield code="z">Apsheron Peninsula.</subfield>
<subfield code="2">fast</subfield>
<subfield code="0">(OCoLC)fst01256760</subfield>
</datafield>
<datafield tag="700" ind1="1" ind2=" ">
<subfield code="a">Abdullayev, Fikr&#228;t,</subfield>
<subfield code="e">author.</subfield>
</datafield>
<datafield tag="880" ind1="1" ind2="0">
<subfield code="6">245-01/</subfield>
<subfield code="a">Nam&#228;lum Ab&#351;eron =</subfield>
<subfield code="b">Unknown Absheron = &#1053;&#1077;&#1080;&#1079;&#1074;&#1077;&#1089;&#1090;&#1085;&#1099;&#1081; &#1040;&#1073;&#1096;&#1077;&#1088;&#1086;&#1085; /</subfield>
<subfield code="c">Idris &#196;liyev, Fikr&#228;t Abdullayev.</subfield>
</datafield>
<datafield tag="880" ind1="3" ind2="1">
<subfield code="6">246-02/</subfield>
<subfield code="a">&#1053;&#1077;&#1080;&#1079;&#1074;&#1077;&#1089;&#1090;&#1085;&#1099;&#1081; &#1040;&#1073;&#1096;&#1077;&#1088;&#1086;&#1085;</subfield>
</datafield>
<datafield tag="994" ind1=" " ind2=" ">
<subfield code="a">Z0</subfield>
<subfield code="b">ZYU</subfield>
</datafield>
<datafield tag="OWN" ind1=" " ind2=" ">
<subfield code="a">GENERAL</subfield>
</datafield>
<datafield tag="AVA" ind1=" " ind2=" ">
<subfield code="a">NYU50</subfield>
<subfield code="b">NISAW</subfield>
<subfield code="c">Large Collection</subfield>
<subfield code="d">DK699.A27 A55 2011 Non-circulating</subfield>
<subfield code="e">available</subfield>
<subfield code="t">Available</subfield>
<subfield code="f">1</subfield>
<subfield code="g">0</subfield>
<subfield code="h">N</subfield>
<subfield code="i">0</subfield>
<subfield code="j">LARGE</subfield>
<subfield code="k">0</subfield>
</datafield>
</record>