<record xmlns="http://www.loc.gov/MARC21/slim" xmlns:xsi="http://www.w3.org/2001/XMLSchema-instance" xsi:schemaLocation="http://www.loc.gov/MARC21/slim http://www.loc.gov/standards/marcxml/schema/MARC21slim.xsd">
<leader>00000cam a2200541 i 4500</leader>
<controlfield tag="FMT">BK</controlfield>
<controlfield tag="LDR">00000cam a2200541 i 4500</controlfield>
<controlfield tag="001">006060974</controlfield>
<controlfield tag="003">OCoLC</controlfield>
<controlfield tag="005">20180424100803.0</controlfield>
<controlfield tag="008">180424s2007    aj a     b    000 0 aze</controlfield>
<datafield tag="010" ind1=" " ind2=" ">
<subfield code="a">2008408409</subfield>
</datafield>
<datafield tag="020" ind1=" " ind2=" ">
<subfield code="a">9789952437201</subfield>
</datafield>
<datafield tag="020" ind1=" " ind2=" ">
<subfield code="a">995243720X</subfield>
</datafield>
<datafield tag="035" ind1=" " ind2=" ">
<subfield code="a">(OCoLC)860999762</subfield>
</datafield>
<datafield tag="040" ind1=" " ind2=" ">
<subfield code="a">DLC</subfield>
<subfield code="b">eng</subfield>
<subfield code="e">rda</subfield>
<subfield code="c">DLC</subfield>
<subfield code="d">ZCU</subfield>
<subfield code="d">IUL</subfield>
<subfield code="d">OCLCO</subfield>
<subfield code="d">OCLCF</subfield>
<subfield code="d">NNU</subfield>
</datafield>
<datafield tag="041" ind1="1" ind2=" ">
<subfield code="a">aze</subfield>
<subfield code="a">eng</subfield>
<subfield code="a">rus</subfield>
</datafield>
<datafield tag="042" ind1=" " ind2=" ">
<subfield code="a">pcc</subfield>
</datafield>
<datafield tag="043" ind1=" " ind2=" ">
<subfield code="a">a-aj---</subfield>
</datafield>
<datafield tag="050" ind1="0" ind2="0">
<subfield code="a">DK693</subfield>
<subfield code="b">.M87 2007</subfield>
</datafield>
<datafield tag="090" ind1=" " ind2=" ">
<subfield code="a">DK699.A35</subfield>
<subfield code="b">M87 2007</subfield>
</datafield>
<datafield tag="100" ind1="1" ind2=" ">
<subfield code="a">M&#252;seyibli, N&#228;s&#228;f,</subfield>
<subfield code="e">author.</subfield>
</datafield>
<datafield tag="245" ind1="1" ind2="0">
<subfield code="6">880-01</subfield>
<subfield code="a">B&#246;y&#252;k K&#228;sik eneolit d&#246;vr&#252; ya&#351;ay&#305;&#351; m&#228;sk&#228;ni =</subfield>
<subfield code="b">Chalcolithic settlement Beyuk Kesik = &#278;neoliticheskoe poselenie Bei&#865;uk Kesik /</subfield>
<subfield code="c">N&#259;c&#259;f M&#252;seyibli.</subfield>
</datafield>
<datafield tag="246" ind1="3" ind2="1">
<subfield code="a">Chalcolithic settlement Beyuk Kesik</subfield>
</datafield>
<datafield tag="246" ind1="3" ind2="1">
<subfield code="6">880-02</subfield>
<subfield code="a">&#278;neoliticheskoe poselenie Bei&#865;uk Kesik</subfield>
</datafield>
<datafield tag="264" ind1=" " ind2="1">
<subfield code="a">Bak&#305; :</subfield>
<subfield code="b">"Nafta-Press",</subfield>
<subfield code="c">2007.</subfield>
</datafield>
<datafield tag="300" ind1=" " ind2=" ">
<subfield code="a">216 pages :</subfield>
<subfield code="b">illustrations (some color) ;</subfield>
<subfield code="c">24 cm</subfield>
</datafield>
<datafield tag="336" ind1=" " ind2=" ">
<subfield code="a">text</subfield>
<subfield code="b">txt</subfield>
<subfield code="2">rdacontent</subfield>
</datafield>
<datafield tag="337" ind1=" " ind2=" ">
<subfield code="a">unmediated</subfield>
<subfield code="b">n</subfield>
<subfield code="2">rdamedia</subfield>
</datafield>
<datafield tag="338" ind1=" " ind2=" ">
<subfield code="a">volume</subfield>
<subfield code="b">nc</subfield>
<subfield code="2">rdacarrier</subfield>
</datafield>
<datafield tag="546" ind1=" " ind2=" ">
<subfield code="a">Text in Azerbaijani, English, and Russian.</subfield>
</datafield>
<datafield tag="504" ind1=" " ind2=" ">
<subfield code="a">Includes bibliographical references (pages 156-158).</subfield>
</datafield>
<datafield tag="500" ind1=" " ind2=" ">
<subfield code="a">ISAW copy is a gift of the Smithsonian Institution.</subfield>
<subfield code="5">NyNyUAW</subfield>
</datafield>
<datafield tag="651" ind1=" " ind2="0">
<subfield code="a">B&#246;y&#252;k K&#228;sik Site (Azerbaijan)</subfield>
</datafield>
<datafield tag="651" ind1=" " ind2="0">
<subfield code="a">B&#246;y&#252;k K&#228;sik Site (Azerbaijan)</subfield>
<subfield code="x">Antiquities.</subfield>
</datafield>
<datafield tag="651" ind1=" " ind2="0">
<subfield code="a">A&#287;stafa Rayonu (Azerbaijan)</subfield>
<subfield code="x">Antiquities.</subfield>
</datafield>
<datafield tag="650" ind1=" " ind2="0">
<subfield code="a">Excavations (Archaeology)</subfield>
<subfield code="z">Azerbaijan</subfield>
<subfield code="z">A&#287;stafa Rayonu.</subfield>
</datafield>
<datafield tag="651" ind1=" " ind2="0">
<subfield code="a">Azerbaijan</subfield>
<subfield code="x">Antiquities.</subfield>
</datafield>
<datafield tag="651" ind1=" " ind2="0">
<subfield code="a">Azerbaijan</subfield>
<subfield code="x">Civilization.</subfield>
</datafield>
<datafield tag="650" ind1=" " ind2="7">
<subfield code="a">Antiquities.</subfield>
<subfield code="2">fast</subfield>
<subfield code="0">(OCoLC)fst00810745</subfield>
</datafield>
<datafield tag="650" ind1=" " ind2="7">
<subfield code="a">Civilization.</subfield>
<subfield code="2">fast</subfield>
<subfield code="0">(OCoLC)fst00862898</subfield>
</datafield>
<datafield tag="650" ind1=" " ind2="7">
<subfield code="a">Excavations (Archaeology)</subfield>
<subfield code="2">fast</subfield>
<subfield code="0">(OCoLC)fst00917564</subfield>
</datafield>
<datafield tag="651" ind1=" " ind2="7">
<subfield code="a">Azerbaijan.</subfield>
<subfield code="2">fast</subfield>
<subfield code="0">(OCoLC)fst01260665</subfield>
</datafield>
<datafield tag="651" ind1=" " ind2="7">
<subfield code="a">Azerbaijan</subfield>
<subfield code="z">A&#287;stafa Rayonu.</subfield>
<subfield code="2">fast</subfield>
<subfield code="0">(OCoLC)fst01880499</subfield>
</datafield>
<datafield tag="651" ind1=" " ind2="7">
<subfield code="a">Azerbaijan</subfield>
<subfield code="z">B&#246;y&#252;k K&#228;sik Site.</subfield>
<subfield code="2">fast</subfield>
<subfield code="0">(OCoLC)fst01941563</subfield>
</datafield>
<datafield tag="653" ind1=" " ind2="0">
<subfield code="a">Akstafa ; SWD-ID: 47585006.</subfield>
</datafield>
<datafield tag="653" ind1=" " ind2="0">
<subfield code="a">Chalkolithikum ; SWD-ID: 41380010.</subfield>
</datafield>
<datafield tag="653" ind1=" " ind2="0">
<subfield code="a">Funde ; SWD-ID: 40715073.</subfield>
</datafield>
<datafield tag="710" ind1="2" ind2=" ">
<subfield code="a">Smithsonian Institution,</subfield>
<subfield code="e">donor.</subfield>
<subfield code="5">NyNyUAW</subfield>
</datafield>
<datafield tag="880" ind1="1" ind2="0">
<subfield code="6">245-01/</subfield>
<subfield code="a">B&#246;y&#252;k K&#228;sik eneolit d&#246;vr&#252; ya&#351;ay&#305;&#351; m&#228;sk&#228;ni =</subfield>
<subfield code="b">Chalcolithic settlement Beyuk Kesik = &#1069;&#1085;&#1077;&#1086;&#1083;&#1080;&#1090;&#1080;&#1095;&#1077;&#1089;&#1082;&#1086;&#1077; &#1087;&#1086;&#1089;&#1077;&#1083;&#1077;&#1085;&#1080;&#1077; &#1041;&#1077;&#1102;&#1082; &#1050;&#1077;&#1089;&#1080;&#1082; /</subfield>
<subfield code="c">N&#259;c&#259;f M&#252;seyibli.</subfield>
</datafield>
<datafield tag="880" ind1="3" ind2="1">
<subfield code="6">246-02/</subfield>
<subfield code="a">&#1069;&#1085;&#1077;&#1086;&#1083;&#1080;&#1090;&#1080;&#1095;&#1077;&#1089;&#1082;&#1086;&#1077; &#1087;&#1086;&#1089;&#1077;&#1083;&#1077;&#1085;&#1080;&#1077; &#1041;&#1077;&#1102;&#1082; &#1050;&#1077;&#1089;&#1080;&#1082;</subfield>
</datafield>
<datafield tag="994" ind1=" " ind2=" ">
<subfield code="a">Z0</subfield>
<subfield code="b">ZYU</subfield>
</datafield>
<datafield tag="OWN" ind1=" " ind2=" ">
<subfield code="a">GENERAL</subfield>
</datafield>
<datafield tag="AVA" ind1=" " ind2=" ">
<subfield code="a">NYU50</subfield>
<subfield code="b">NISAW</subfield>
<subfield code="c">Small Collection</subfield>
<subfield code="d">DK699.A35 M87 2007 Non-circulating</subfield>
<subfield code="e">available</subfield>
<subfield code="t">Available</subfield>
<subfield code="f">1</subfield>
<subfield code="g">0</subfield>
<subfield code="h">N</subfield>
<subfield code="i">0</subfield>
<subfield code="j">SMALL</subfield>
<subfield code="k">0</subfield>
</datafield>
</record>