<record xmlns="http://www.loc.gov/MARC21/slim" xmlns:xsi="http://www.w3.org/2001/XMLSchema-instance" xsi:schemaLocation="http://www.loc.gov/MARC21/slim http://www.loc.gov/standards/marcxml/schema/MARC21slim.xsd">
<leader>00000cam a2200541 i 4500</leader>
<controlfield tag="FMT">BK</controlfield>
<controlfield tag="LDR">00000cam a2200541 i 4500</controlfield>
<controlfield tag="001">006060864</controlfield>
<controlfield tag="003">OCoLC</controlfield>
<controlfield tag="005">20180423140502.0</controlfield>
<controlfield tag="008">180423t20182018nyua     b    000 0 eng c</controlfield>
<datafield tag="020" ind1=" " ind2=" ">
<subfield code="a">0691181845</subfield>
</datafield>
<datafield tag="020" ind1=" " ind2=" ">
<subfield code="a">9780691181844</subfield>
</datafield>
<datafield tag="035" ind1=" " ind2=" ">
<subfield code="a">(OCoLC)1017603408</subfield>
</datafield>
<datafield tag="040" ind1=" " ind2=" ">
<subfield code="a">YDX</subfield>
<subfield code="b">eng</subfield>
<subfield code="e">rda</subfield>
<subfield code="c">YDX</subfield>
<subfield code="d">STF</subfield>
<subfield code="d">OCLCF</subfield>
<subfield code="d">CDX</subfield>
<subfield code="d">ZYU</subfield>
</datafield>
<datafield tag="042" ind1=" " ind2=" ">
<subfield code="a">pcc</subfield>
</datafield>
<datafield tag="043" ind1=" " ind2=" ">
<subfield code="a">a------</subfield>
<subfield code="a">f------</subfield>
</datafield>
<datafield tag="050" ind1=" " ind2="4">
<subfield code="a">DS36.82.G7</subfield>
<subfield code="b">R66 2018</subfield>
</datafield>
<datafield tag="082" ind1="0" ind2="4">
<subfield code="a">909/.974927</subfield>
<subfield code="2">23</subfield>
</datafield>
<datafield tag="245" ind1="0" ind2="0">
<subfield code="a">Romance and reason :</subfield>
<subfield code="b">Islamic transformations of the classical past / edited by Roberta Casagrande-Kim, Samuel Thrope, Raquel Ukeles ; including contributions by Leigh Chipman, Steven Harvey, Y. Tzvi Langermann, Rachel Milstein, and Julia Rubanovich.</subfield>
</datafield>
<datafield tag="264" ind1=" " ind2="1">
<subfield code="a">New York, NY :</subfield>
<subfield code="b">Institute for the Study of the Ancient World at New York University,</subfield>
<subfield code="c">[2018]</subfield>
</datafield>
<datafield tag="264" ind1=" " ind2="4">
<subfield code="c">&#169;2018</subfield>
</datafield>
<datafield tag="300" ind1=" " ind2=" ">
<subfield code="a">151 pages :</subfield>
<subfield code="b">color illustrations ;</subfield>
<subfield code="c">28 cm</subfield>
</datafield>
<datafield tag="336" ind1=" " ind2=" ">
<subfield code="a">text</subfield>
<subfield code="2">rdacontent</subfield>
</datafield>
<datafield tag="337" ind1=" " ind2=" ">
<subfield code="a">unmediated</subfield>
<subfield code="2">rdamedia</subfield>
</datafield>
<datafield tag="338" ind1=" " ind2=" ">
<subfield code="a">volume</subfield>
<subfield code="2">rdacarrier</subfield>
</datafield>
<datafield tag="500" ind1=" " ind2=" ">
<subfield code="a">Catalog of an exhibition held at the Institute for the Study of the Ancient World from February 14, 2018-May 13, 2018.</subfield>
</datafield>
<datafield tag="504" ind1=" " ind2=" ">
<subfield code="a">Includes bibliographical references (pages 140-147).</subfield>
</datafield>
<datafield tag="505" ind1="0" ind2="0">
<subfield code="t">Romance and reason : Islamic transformations of the classical past /</subfield>
<subfield code="r">Samuel Thrope, Raquel Ukeles --</subfield>
<subfield code="t">The Alexander romance /</subfield>
<subfield code="r">Julia Rubanovich --</subfield>
<subfield code="t">Picturing the archetypal king: Iskandar in Islamic painting /</subfield>
<subfield code="r">Rachel Milstein --</subfield>
<subfield code="t">Islamic medicine : refractions of the classical past /</subfield>
<subfield code="r">Leigh Chipman --</subfield>
<subfield code="t">Mathematics, astronomy, and astrology /</subfield>
<subfield code="r">Y. Tzvi Langermann --</subfield>
<subfield code="t">Rationalizing the divine : Greek philosophy in the Islamic world /</subfield>
<subfield code="r">Steven Harvey.</subfield>
</datafield>
<datafield tag="600" ind1="0" ind2="0">
<subfield code="a">Alexander,</subfield>
<subfield code="c">the Great,</subfield>
<subfield code="d">356 B.C.-323 B.C.</subfield>
<subfield code="v">Exhibitions.</subfield>
</datafield>
<datafield tag="600" ind1="0" ind2="7">
<subfield code="a">Alexander,</subfield>
<subfield code="c">the Great,</subfield>
<subfield code="d">356 B.C.-323 B.C.</subfield>
<subfield code="2">fast</subfield>
<subfield code="0">(OCoLC)fst01800513</subfield>
</datafield>
<datafield tag="650" ind1=" " ind2="0">
<subfield code="a">Islamic civilization</subfield>
<subfield code="x">Greek influences</subfield>
<subfield code="v">Exhibitions.</subfield>
</datafield>
<datafield tag="650" ind1=" " ind2="0">
<subfield code="a">Islamic illumination of books and manuscripts</subfield>
<subfield code="v">Exhibitions.</subfield>
</datafield>
<datafield tag="650" ind1=" " ind2="0">
<subfield code="a">Manuscripts, Persian</subfield>
<subfield code="v">Exhibitions.</subfield>
</datafield>
<datafield tag="650" ind1=" " ind2="0">
<subfield code="a">Manuscripts, Arabic</subfield>
<subfield code="v">Exhibitions.</subfield>
</datafield>
<datafield tag="650" ind1=" " ind2="0">
<subfield code="a">Manuscripts, Turkish</subfield>
<subfield code="v">Exhibitions.</subfield>
</datafield>
<datafield tag="650" ind1=" " ind2="7">
<subfield code="a">Islamic civilization</subfield>
<subfield code="x">Greek influences.</subfield>
<subfield code="2">fast</subfield>
<subfield code="0">(OCoLC)fst01730295</subfield>
</datafield>
<datafield tag="650" ind1=" " ind2="7">
<subfield code="a">Islamic illumination of books and manuscripts.</subfield>
<subfield code="2">fast</subfield>
<subfield code="0">(OCoLC)fst01730333</subfield>
</datafield>
<datafield tag="650" ind1=" " ind2="7">
<subfield code="a">Manuscripts, Arabic.</subfield>
<subfield code="2">fast</subfield>
<subfield code="0">(OCoLC)fst01008278</subfield>
</datafield>
<datafield tag="650" ind1=" " ind2="7">
<subfield code="a">Manuscripts, Persian.</subfield>
<subfield code="2">fast</subfield>
<subfield code="0">(OCoLC)fst01008462</subfield>
</datafield>
<datafield tag="650" ind1=" " ind2="7">
<subfield code="a">Manuscripts, Turkish.</subfield>
<subfield code="2">fast</subfield>
<subfield code="0">(OCoLC)fst01008521</subfield>
</datafield>
<datafield tag="655" ind1=" " ind2="7">
<subfield code="a">Exhibition catalogs.</subfield>
<subfield code="2">fast</subfield>
<subfield code="0">(OCoLC)fst01424028</subfield>
</datafield>
<datafield tag="700" ind1="1" ind2=" ">
<subfield code="a">Casagrande-Kim, Roberta,</subfield>
<subfield code="e">editor.</subfield>
</datafield>
<datafield tag="700" ind1="1" ind2=" ">
<subfield code="a">Thrope, Samuel,</subfield>
<subfield code="d">1980-</subfield>
<subfield code="e">editor.</subfield>
</datafield>
<datafield tag="700" ind1="1" ind2=" ">
<subfield code="a">Ukeles, Raquel,</subfield>
<subfield code="e">editor.</subfield>
</datafield>
<datafield tag="710" ind1="2" ind2=" ">
<subfield code="a">New York University.</subfield>
<subfield code="b">Institute for the Study of the Ancient World,</subfield>
<subfield code="e">host institution,</subfield>
<subfield code="e">issuing body.</subfield>
</datafield>
<datafield tag="994" ind1=" " ind2=" ">
<subfield code="a">Z0</subfield>
<subfield code="b">ZYU</subfield>
</datafield>
<datafield tag="OWN" ind1=" " ind2=" ">
<subfield code="a">GENERAL</subfield>
</datafield>
<datafield tag="AVA" ind1=" " ind2=" ">
<subfield code="a">NYU50</subfield>
<subfield code="b">NIFA</subfield>
<subfield code="c">Main Collection</subfield>
<subfield code="d">DS36.82.G7 R66 2018 Non-circulating</subfield>
<subfield code="e">available</subfield>
<subfield code="t">Available</subfield>
<subfield code="f">1</subfield>
<subfield code="g">0</subfield>
<subfield code="h">N</subfield>
<subfield code="i">0</subfield>
<subfield code="j">MAIN</subfield>
<subfield code="k">0</subfield>
</datafield>
<datafield tag="AVA" ind1=" " ind2=" ">
<subfield code="a">NYU50</subfield>
<subfield code="b">NISAW</subfield>
<subfield code="c">Large Collection</subfield>
<subfield code="d">DS36.82.G7 R66 2018 Non-circulating</subfield>
<subfield code="e">available</subfield>
<subfield code="t">Available</subfield>
<subfield code="f">1</subfield>
<subfield code="g">0</subfield>
<subfield code="h">N</subfield>
<subfield code="i">0</subfield>
<subfield code="j">LARGE</subfield>
<subfield code="k">0</subfield>
</datafield>
</record>