<record xmlns="http://www.loc.gov/MARC21/slim" xmlns:xsi="http://www.w3.org/2001/XMLSchema-instance" xsi:schemaLocation="http://www.loc.gov/MARC21/slim http://www.loc.gov/standards/marcxml/schema/MARC21slim.xsd">
<leader>00000cam a22     Ii 4500</leader>
<controlfield tag="FMT">BK</controlfield>
<controlfield tag="LDR">00000cam a22     Ii 4500</controlfield>
<controlfield tag="001">006058856</controlfield>
<controlfield tag="005">20180420155122.0</controlfield>
<controlfield tag="008">180418s2017    tu abe   b    100 0 tur d</controlfield>
<datafield tag="020" ind1=" " ind2=" ">
<subfield code="a">9786059680615</subfield>
</datafield>
<datafield tag="020" ind1=" " ind2=" ">
<subfield code="a">6059680615</subfield>
</datafield>
<datafield tag="035" ind1=" " ind2=" ">
<subfield code="a">(OCoLC)1026388042</subfield>
</datafield>
<datafield tag="040" ind1=" " ind2=" ">
<subfield code="a">ERASA</subfield>
<subfield code="b">eng</subfield>
<subfield code="e">rda</subfield>
<subfield code="c">ERASA</subfield>
<subfield code="d">ZYU</subfield>
</datafield>
<datafield tag="041" ind1="0" ind2=" ">
<subfield code="a">tur</subfield>
<subfield code="a">eng</subfield>
<subfield code="b">eng</subfield>
<subfield code="b">tur</subfield>
</datafield>
<datafield tag="043" ind1=" " ind2=" ">
<subfield code="a">a-tu---</subfield>
</datafield>
<datafield tag="050" ind1=" " ind2="4">
<subfield code="a">DS51.I9</subfield>
<subfield code="b">S5325 2016</subfield>
</datafield>
<datafield tag="082" ind1="0" ind2="4">
<subfield code="a">932-933</subfield>
</datafield>
<datafield tag="111" ind1="2" ind2=" ">
<subfield code="a">Smyrna/&#304;zmir Kaz&#305; ve Ara&#351;t&#305;rmalar&#305; &#199;al&#305;&#351;tay&#305;</subfield>
<subfield code="n">(2nd :</subfield>
<subfield code="d">2016 :</subfield>
<subfield code="c">&#304;zmir, Turkey)</subfield>
</datafield>
<datafield tag="245" ind1="1" ind2="0">
<subfield code="a">Smyrna-Izmir :</subfield>
<subfield code="b">kazi ve arastirmalari II = Smyrna/Izmir excavation and research II.</subfield>
<subfield code="c">edit&#246;rler Burak Yola&#231;an, G&#246;zde Sakar, Akin Ersoy.</subfield>
</datafield>
<datafield tag="264" ind1=" " ind2="1">
<subfield code="a">[Istanbul] :</subfield>
<subfield code="b">Ege Yayinlari</subfield>
<subfield code="c">2017.</subfield>
</datafield>
<datafield tag="300" ind1=" " ind2=" ">
<subfield code="a">308 pages :</subfield>
<subfield code="b">illustrations (chiefly color), maps, plans ;</subfield>
<subfield code="c">28 cm.</subfield>
</datafield>
<datafield tag="336" ind1=" " ind2=" ">
<subfield code="a">text</subfield>
<subfield code="b">txt</subfield>
<subfield code="2">rdacontent</subfield>
</datafield>
<datafield tag="336" ind1=" " ind2=" ">
<subfield code="a">still image</subfield>
<subfield code="b">sti</subfield>
<subfield code="2">rdacontent</subfield>
</datafield>
<datafield tag="337" ind1=" " ind2=" ">
<subfield code="a">unmediated</subfield>
<subfield code="b">n</subfield>
<subfield code="2">rdamedia</subfield>
</datafield>
<datafield tag="338" ind1=" " ind2=" ">
<subfield code="a">volume</subfield>
<subfield code="b">nc</subfield>
<subfield code="2">rdacarrier</subfield>
</datafield>
<datafield tag="546" ind1=" " ind2=" ">
<subfield code="a">Articles in Turkish have English abstracts. Articles in English have Turkish abstracts.</subfield>
</datafield>
<datafield tag="504" ind1=" " ind2=" ">
<subfield code="a">Includes bibliographical references.</subfield>
</datafield>
<datafield tag="520" ind1="8" ind2=" ">
<subfield code="a">From the contents: Today and the Future of Ancient Agora of Smyrna and the Near Environment - Historical Background on the Identifying and Registering Urban Archaeological Heritage in Izmir Since Before the Turkish Republic Period Until Today - Jewish Cemeteries in Izmir, the History, the Inscriptions and the Jewish Tombstones in the Agora of Smyrna - Evaluations About Some Ottoman Constructions Around the Agora of Smyrna - Observations About the Newly Revealed Gravestones during the Excavations in the Agora of Smyrna - Traces of an 8500 Year-Old Resident of Izmir - Smyrna and Related Cities in the Light of Finds - Observations Through Ottoman And European Ceramics: Kitcenware and Daily Use Objects from the Agora of Smyrna (Izmir) - Defensive Structures of the Acropolis of Smyrna - Medieval and Later Periods Glass Findings from the Roman Bath in the Agora of Smyrna in 2014 - The Athlete Grotesques of Smyrna: The Originality of a Subject of Caricature and the Identification of a Production Workshop - Revealing Izmir's Tobacco History Through Cigarette Packages Found in the Agora of Smyrna - Female Education in Smyrna: 1840-1922 - The Characteristics of Smyrnaean Stelae: Interpretations and New Attributions - Pistacia Terebinthus: The Terebinth Tree of the Agora in the Eastern Mediterranean and Smyrna - Ancient Smyrna as a City of Heath - General Statistical and Graphical Evaluation of Byzantine Coins from Excavations of Smyrna in 2008-2015 - Fountains and Cisterns from Turkish Period at the Agora of Smyrna (Izmir) - Localizing Smyrna in the Apocalypse: John's Visions of the "First of Asia".</subfield>
</datafield>
<datafield tag="650" ind1=" " ind2="0">
<subfield code="a">Excavations (Archaeology)</subfield>
<subfield code="z">Turkey</subfield>
<subfield code="z">&#304;zmir</subfield>
<subfield code="v">Congresses.</subfield>
</datafield>
<datafield tag="651" ind1=" " ind2="0">
<subfield code="a">&#304;zmir (Turkey)</subfield>
<subfield code="x">Antiquities</subfield>
<subfield code="v">Congresses.</subfield>
</datafield>
<datafield tag="651" ind1=" " ind2="0">
<subfield code="a">&#304;zmir (Turkey)</subfield>
<subfield code="x">Civilization</subfield>
<subfield code="v">Congresses.</subfield>
</datafield>
<datafield tag="651" ind1=" " ind2="7">
<subfield code="a">Smyrna/Eurydikeia.</subfield>
<subfield code="2">pleiades</subfield>
<subfield code="0">https://pleiades.stoa.org/places/550893</subfield>
</datafield>
<datafield tag="700" ind1="1" ind2=" ">
<subfield code="a">Yola&#231;an, Burak,</subfield>
<subfield code="e">editor</subfield>
</datafield>
<datafield tag="700" ind1="1" ind2=" ">
<subfield code="a">&#350;akar, G&#246;zde,</subfield>
<subfield code="e">editor.</subfield>
</datafield>
<datafield tag="700" ind1="1" ind2=" ">
<subfield code="a">Ersoy, Ak&#305;n,</subfield>
<subfield code="e">editor.</subfield>
</datafield>
<datafield tag="OWN" ind1=" " ind2=" ">
<subfield code="a">GENERAL</subfield>
</datafield>
<datafield tag="AVA" ind1=" " ind2=" ">
<subfield code="a">NYU50</subfield>
<subfield code="b">NISAW</subfield>
<subfield code="c">Large Collection</subfield>
<subfield code="d">DS51.I9 S5325 2016 Non-circulating</subfield>
<subfield code="e">available</subfield>
<subfield code="t">Available</subfield>
<subfield code="f">1</subfield>
<subfield code="g">0</subfield>
<subfield code="h">N</subfield>
<subfield code="i">0</subfield>
<subfield code="j">LARGE</subfield>
<subfield code="k">0</subfield>
</datafield>
</record>