<record xmlns="http://www.loc.gov/MARC21/slim" xmlns:xsi="http://www.w3.org/2001/XMLSchema-instance" xsi:schemaLocation="http://www.loc.gov/MARC21/slim http://www.loc.gov/standards/marcxml/schema/MARC21slim.xsd">
<leader>00000cam a2200589Ii 4500</leader>
<controlfield tag="FMT">BK</controlfield>
<controlfield tag="LDR">00000cam a2200589Ii 4500</controlfield>
<controlfield tag="001">006054641</controlfield>
<controlfield tag="003">OCoLC</controlfield>
<controlfield tag="005">20180406103035.0</controlfield>
<controlfield tag="008">180406s2017    cy abe   b    001 0 eng d</controlfield>
<datafield tag="020" ind1=" " ind2=" ">
<subfield code="a">9789963364701</subfield>
</datafield>
<datafield tag="020" ind1=" " ind2=" ">
<subfield code="a">9963364705</subfield>
</datafield>
<datafield tag="035" ind1=" " ind2=" ">
<subfield code="a">(OCoLC)1030585607</subfield>
</datafield>
<datafield tag="040" ind1=" " ind2=" ">
<subfield code="a">ZYU</subfield>
<subfield code="b">eng</subfield>
<subfield code="e">rda</subfield>
<subfield code="c">ZYU</subfield>
<subfield code="d">ZYU</subfield>
</datafield>
<datafield tag="043" ind1=" " ind2=" ">
<subfield code="a">a-cy---</subfield>
</datafield>
<datafield tag="050" ind1=" " ind2="4">
<subfield code="a">DS54.95.A43</subfield>
<subfield code="b">H34 2017</subfield>
</datafield>
<datafield tag="100" ind1="1" ind2=" ">
<subfield code="a">Chatz&#275;savvas, Sophokl&#275;s,</subfield>
<subfield code="e">author.</subfield>
</datafield>
<datafield tag="245" ind1="1" ind2="0">
<subfield code="a">Alassa :</subfield>
<subfield code="b">excavations at the late Bronze Age sites of Pano Mantilaris and Paliotaverna 1984-2000 /</subfield>
<subfield code="c">by Sophocles Hadjisavvas ; with contributions by Priscilla Keswani and Ariane Jacobs ; appendices by Joan Arus [and 16 others].</subfield>
</datafield>
<datafield tag="264" ind1=" " ind2="1">
<subfield code="a">Lefkosia :</subfield>
<subfield code="b">Republic of Cyprus Ministry of Communications and Works, Department of Antiquities,</subfield>
<subfield code="c">2017.</subfield>
</datafield>
<datafield tag="300" ind1=" " ind2=" ">
<subfield code="a">xxiv, 669 pages :</subfield>
<subfield code="b">illustrations (chiefly color), maps, plans ;</subfield>
<subfield code="c">29 cm</subfield>
</datafield>
<datafield tag="336" ind1=" " ind2=" ">
<subfield code="a">text</subfield>
<subfield code="b">txt</subfield>
<subfield code="2">rdacontent</subfield>
</datafield>
<datafield tag="337" ind1=" " ind2=" ">
<subfield code="a">unmediated</subfield>
<subfield code="b">n</subfield>
<subfield code="2">rdamedia</subfield>
</datafield>
<datafield tag="338" ind1=" " ind2=" ">
<subfield code="a">volume</subfield>
<subfield code="b">nc</subfield>
<subfield code="2">rdacarrier</subfield>
</datafield>
<datafield tag="504" ind1=" " ind2=" ">
<subfield code="a">Includes bibliographical references and index.</subfield>
</datafield>
<datafield tag="505" ind1="0" ind2="0">
<subfield code="t">Introduction /</subfield>
<subfield code="r">Sophocles Hadjisavvas --</subfield>
<subfield code="t">Excavations at Pano Mantilaris : architecture, stratigraphy, and use /</subfield>
<subfield code="r">Sophocles Hadjisavvas --</subfield>
<subfield code="t">The tombs and their contents /</subfield>
<subfield code="r">Sophocles Hadjisavvas, with a contribution by Priscilla Keswani --</subfield>
<subfield code="t">Excavations at Paliotaverna /</subfield>
<subfield code="r">Sophocles Hadjisavvas, with a contribution by Martin Schmid --</subfield>
<subfield code="t">Seal impressed pithos fragments from Alassa /</subfield>
<subfield code="r">Sophocles Hadjisavvas, with a catalog by Priscilla Keswani --</subfield>
<subfield code="t">Pithoi from Pano Mantilaris and Paliotaverna /</subfield>
<subfield code="r">Priscilla Keswani --</subfield>
<subfield code="t">The pottery from Alassa /</subfield>
<subfield code="r">Ariane Jacobs, with a contribution by Federica Spagnoli --</subfield>
<subfield code="t">Conclusions /</subfield>
<subfield code="r">Sophocles Hadjisavvas.</subfield>
<subfield code="g">Appendix I.</subfield>
<subfield code="t">Seals excavated at Alassa Pano Mantilaris /</subfield>
<subfield code="r">Joan Aruz --</subfield>
<subfield code="g">Appendix II.</subfield>
<subfield code="t">The metallurgical remains /</subfield>
<subfield code="r">Lente Van-Brempt and Lina Kassianidou --</subfield>
<subfield code="g">Appendix III.</subfield>
<subfield code="t">Marked pottery /</subfield>
<subfield code="r">Nicolle Hirschfeld --</subfield>
<subfield code="g">Appendix IV.</subfield>
<subfield code="t">Radiocarbon dating Alassa Palioteverna building II /</subfield>
<subfield code="r">Sturt W. Manning --</subfield>
<subfield code="g">Appendix V.</subfield>
<subfield code="t">The human skeletal remains from Pano Mantilaris /</subfield>
<subfield code="r">Kirsi Lorentz --</subfield>
<subfield code="g">Appendix VI.</subfield>
<subfield code="t">The animal remains from Alassa /</subfield>
<subfield code="r">Paul Croft --</subfield>
<subfield code="g">Appendix VII.</subfield>
<subfield code="t">Archaeometric studies of plain ware composition and manufacturing techniques /</subfield>
<subfield code="r">Ariane Jacobs, Barbara Borgers, Christina Makarona, Virginie Renson, Hans Mommsen, Pamela Fragnoli, and Reinhard Jung --</subfield>
<subfield code="g">Appendix VIII.</subfield>
<subfield code="t">The coins from Alassa Paliotaverna /</subfield>
<subfield code="r">Anne Destrooper-Georgiades --</subfield>
<subfield code="g">Appendix IX.</subfield>
<subfield code="t">The ground stone tools /</subfield>
<subfield code="r">Ellon Souter --</subfield>
<subfield code="g">Appendix X.</subfield>
<subfield code="t">Archaeometric analyses of the Alassa Pithoi /</subfield>
<subfield code="r">Eleni Nodarou.</subfield>
</datafield>
<datafield tag="650" ind1=" " ind2="0">
<subfield code="a">Excavations (Archaeology)</subfield>
<subfield code="z">Cyprus</subfield>
<subfield code="z">Limassol (Province)</subfield>
</datafield>
<datafield tag="650" ind1=" " ind2="0">
<subfield code="a">Bronze age</subfield>
<subfield code="z">Cyprus.</subfield>
</datafield>
<datafield tag="651" ind1=" " ind2="0">
<subfield code="a">Limassol (Cyprus : Province)</subfield>
</datafield>
<datafield tag="651" ind1=" " ind2="7">
<subfield code="a">Paliotaverna.</subfield>
<subfield code="2">pleiades</subfield>
<subfield code="0">https://pleiades.stoa.org/places/164241958</subfield>
</datafield>
<datafield tag="651" ind1=" " ind2="7">
<subfield code="a">Pano Mantilaris.</subfield>
<subfield code="2">pleiades</subfield>
<subfield code="0">https://pleiades.stoa.org/places/164241957</subfield>
</datafield>
<datafield tag="700" ind1="1" ind2=" ">
<subfield code="a">Keswani, Priscilla,</subfield>
<subfield code="e">author.</subfield>
</datafield>
<datafield tag="700" ind1="1" ind2=" ">
<subfield code="a">Jacobs, Ariane,</subfield>
<subfield code="e">author.</subfield>
</datafield>
<datafield tag="700" ind1="1" ind2=" ">
<subfield code="a">Schmid, Martin</subfield>
<subfield code="c">(Architect),</subfield>
<subfield code="e">contributor.</subfield>
</datafield>
<datafield tag="700" ind1="1" ind2=" ">
<subfield code="a">Spagnoli, Federica,</subfield>
<subfield code="e">contributor.</subfield>
</datafield>
<datafield tag="700" ind1="1" ind2=" ">
<subfield code="a">Aruz, Joan,</subfield>
<subfield code="e">contributor.</subfield>
</datafield>
<datafield tag="700" ind1="1" ind2=" ">
<subfield code="a">Brempt, Lente van,</subfield>
<subfield code="e">contributor.</subfield>
</datafield>
<datafield tag="700" ind1="1" ind2=" ">
<subfield code="a">Kassianidou, Vasiliki,</subfield>
<subfield code="e">contributor.</subfield>
</datafield>
<datafield tag="700" ind1="1" ind2=" ">
<subfield code="a">Hirschfeld, Nicolle,</subfield>
<subfield code="e">contributor.</subfield>
</datafield>
<datafield tag="700" ind1="1" ind2=" ">
<subfield code="a">Manning, Sturt W.,</subfield>
<subfield code="e">contributor.</subfield>
</datafield>
<datafield tag="700" ind1="1" ind2=" ">
<subfield code="a">Lorentz, Kirsi,</subfield>
<subfield code="e">contributor.</subfield>
</datafield>
<datafield tag="700" ind1="1" ind2=" ">
<subfield code="a">Croft, Paul W.,</subfield>
<subfield code="e">contributor.</subfield>
</datafield>
<datafield tag="700" ind1="1" ind2=" ">
<subfield code="a">Borgers, Barbara,</subfield>
<subfield code="e">contributor.</subfield>
</datafield>
<datafield tag="700" ind1="1" ind2=" ">
<subfield code="a">Makarona, Christina,</subfield>
<subfield code="e">contributor.</subfield>
</datafield>
<datafield tag="700" ind1="1" ind2=" ">
<subfield code="a">Renson, Virginie,</subfield>
<subfield code="e">contributor.</subfield>
</datafield>
<datafield tag="700" ind1="1" ind2=" ">
<subfield code="a">Mommsen, Hans,</subfield>
<subfield code="d">1942-</subfield>
<subfield code="e">contributor.</subfield>
</datafield>
<datafield tag="700" ind1="1" ind2=" ">
<subfield code="a">Fragnoli, Pamela,</subfield>
<subfield code="e">contributor.</subfield>
</datafield>
<datafield tag="700" ind1="1" ind2=" ">
<subfield code="a">Jung, Reinhard,</subfield>
<subfield code="e">contributor.</subfield>
</datafield>
<datafield tag="700" ind1="1" ind2=" ">
<subfield code="a">Destrooper-Georgiades, Anne,</subfield>
<subfield code="e">contributor.</subfield>
</datafield>
<datafield tag="700" ind1="1" ind2=" ">
<subfield code="a">Souter, Ellon,</subfield>
<subfield code="e">contributor.</subfield>
</datafield>
<datafield tag="700" ind1="1" ind2=" ">
<subfield code="a">Nodarou, Eleni,</subfield>
<subfield code="e">contributor.</subfield>
</datafield>
<datafield tag="710" ind1="2" ind2=" ">
<subfield code="a">Shelby White and Leon Levy Program for Archaeological Publications (Firm),</subfield>
<subfield code="e">sponsor.</subfield>
</datafield>
<datafield tag="740" ind1="0" ind2=" ">
<subfield code="a">White Levy Program Collection.</subfield>
<subfield code="5">NyNyUAW</subfield>
</datafield>
<datafield tag="740" ind1="0" ind2=" ">
<subfield code="a">WLP Collection.</subfield>
<subfield code="5">NyNyUAW</subfield>
</datafield>
<datafield tag="994" ind1=" " ind2=" ">
<subfield code="a">Z0</subfield>
<subfield code="b">ZYU</subfield>
</datafield>
<datafield tag="OWN" ind1=" " ind2=" ">
<subfield code="a">GENERAL</subfield>
</datafield>
<datafield tag="AVA" ind1=" " ind2=" ">
<subfield code="a">NYU50</subfield>
<subfield code="b">NISAW</subfield>
<subfield code="c">Large Collection</subfield>
<subfield code="d">DS54.95.A43 H34 2017 Non-circulating</subfield>
<subfield code="e">available</subfield>
<subfield code="t">Available</subfield>
<subfield code="f">1</subfield>
<subfield code="g">0</subfield>
<subfield code="h">N</subfield>
<subfield code="i">0</subfield>
<subfield code="j">LARGE</subfield>
<subfield code="k">0</subfield>
</datafield>
</record>