<record xmlns="http://www.loc.gov/MARC21/slim" xmlns:xsi="http://www.w3.org/2001/XMLSchema-instance" xsi:schemaLocation="http://www.loc.gov/MARC21/slim http://www.loc.gov/standards/marcxml/schema/MARC21slim.xsd">
<leader>00000cam a2200661Ii 4500</leader>
<controlfield tag="FMT">BK</controlfield>
<controlfield tag="LDR">00000cam a2200661Ii 4500</controlfield>
<controlfield tag="001">006056474</controlfield>
<controlfield tag="003">OCoLC</controlfield>
<controlfield tag="005">20180418151453.0</controlfield>
<controlfield tag="008">180411m20079999fr abe   b    000 0 fre d</controlfield>
<datafield tag="020" ind1=" " ind2=" ">
<subfield code="a">9782903264888</subfield>
<subfield code="q">(v. 1)</subfield>
</datafield>
<datafield tag="020" ind1=" " ind2=" ">
<subfield code="a">2903264880</subfield>
<subfield code="q">(v. 1)</subfield>
</datafield>
<datafield tag="020" ind1=" " ind2=" ">
<subfield code="a">9782903264963</subfield>
<subfield code="q">(v. 2)</subfield>
</datafield>
<datafield tag="020" ind1=" " ind2=" ">
<subfield code="a">2903264961</subfield>
<subfield code="q">(v. 2)</subfield>
</datafield>
<datafield tag="020" ind1=" " ind2=" ">
<subfield code="a">9782356680327</subfield>
<subfield code="q">(v. 3)</subfield>
</datafield>
<datafield tag="020" ind1=" " ind2=" ">
<subfield code="a">2356680322</subfield>
<subfield code="q">(v. 3)</subfield>
</datafield>
<datafield tag="035" ind1=" " ind2=" ">
<subfield code="a">(OCoLC)1031029968</subfield>
</datafield>
<datafield tag="040" ind1=" " ind2=" ">
<subfield code="a">ZYU</subfield>
<subfield code="b">eng</subfield>
<subfield code="e">rda</subfield>
<subfield code="c">ZYU</subfield>
<subfield code="d">OCLCO</subfield>
<subfield code="d">ZYU</subfield>
</datafield>
<datafield tag="041" ind1="0" ind2=" ">
<subfield code="a">fre</subfield>
<subfield code="a">eng</subfield>
</datafield>
<datafield tag="043" ind1=" " ind2=" ">
<subfield code="a">a-sy---</subfield>
</datafield>
<datafield tag="050" ind1=" " ind2="4">
<subfield code="a">DS99.M3</subfield>
<subfield code="b">A34 2007</subfield>
</datafield>
<datafield tag="245" ind1="0" ind2="0">
<subfield code="a">Akh Purattim - les rives de l'Euphrate :</subfield>
<subfield code="b">m&#233;moires d'arch&#233;ologie et d'histoire r&#233;gionales interdisciplinaires /</subfield>
<subfield code="c">Jean-Claude Margueron, Olivier Rouault, Pierre Lombard, &#233;diteurs scientifiques.</subfield>
</datafield>
<datafield tag="246" ind1="3" ind2="0">
<subfield code="a">Rives de l'Euphrate</subfield>
</datafield>
<datafield tag="264" ind1=" " ind2="1">
<subfield code="a">Lyon :</subfield>
<subfield code="b">Maison de l'orient et de la M&#233;diterran&#233;e ;</subfield>
<subfield code="a">[Paris] :</subfield>
<subfield code="b">Minist&#232;re des affaires &#233;trang&#232;res,</subfield>
<subfield code="c">[2007]-</subfield>
</datafield>
<datafield tag="264" ind1=" " ind2="4">
<subfield code="c">&#169;2007-</subfield>
</datafield>
<datafield tag="300" ind1=" " ind2=" ">
<subfield code="a">volumes :</subfield>
<subfield code="b">illustrations, maps, plans ;</subfield>
<subfield code="c">30 cm.</subfield>
</datafield>
<datafield tag="336" ind1=" " ind2=" ">
<subfield code="a">text</subfield>
<subfield code="b">txt</subfield>
<subfield code="2">rdacontent</subfield>
</datafield>
<datafield tag="337" ind1=" " ind2=" ">
<subfield code="a">unmediated</subfield>
<subfield code="b">n</subfield>
<subfield code="2">rdamedia</subfield>
</datafield>
<datafield tag="338" ind1=" " ind2=" ">
<subfield code="a">volume</subfield>
<subfield code="b">nc</subfield>
<subfield code="2">rdacarrier</subfield>
</datafield>
<datafield tag="546" ind1=" " ind2=" ">
<subfield code="a">Text in French with an abstract in English on p. 4 of cover. Volume 1 has prefaces in French and English.</subfield>
</datafield>
<datafield tag="500" ind1=" " ind2=" ">
<subfield code="a">Volume 3 also edited by Pascal Butterlin.</subfield>
</datafield>
<datafield tag="504" ind1=" " ind2=" ">
<subfield code="a">Includes bibliographical references.</subfield>
</datafield>
<datafield tag="505" ind1="0" ind2="0">
<subfield code="g">v. 1.</subfield>
<subfield code="t">Rapports de fouille --</subfield>
<subfield code="g">v. 2.</subfield>
<subfield code="t">Rapports de fouille Mari 1994 et 1995 ;</subfield>
<subfield code="t">Terqa 1991-1992 --</subfield>
<subfield code="g">v. 3.</subfield>
<subfield code="t">Mari et sa r&#233;gion.</subfield>
</datafield>
<datafield tag="651" ind1=" " ind2="0">
<subfield code="a">Mari (Extinct city)</subfield>
</datafield>
<datafield tag="650" ind1=" " ind2="0">
<subfield code="a">Excavations (Archaeology)</subfield>
<subfield code="z">Syria</subfield>
<subfield code="z">Mari (Extinct city)</subfield>
</datafield>
<datafield tag="651" ind1=" " ind2="0">
<subfield code="a">Terqa (Extinct city)</subfield>
</datafield>
<datafield tag="650" ind1=" " ind2="0">
<subfield code="a">Excavations (Archaeology)</subfield>
<subfield code="z">Syria</subfield>
<subfield code="z">Terqa (Extinct city)</subfield>
</datafield>
<datafield tag="651" ind1=" " ind2="0">
<subfield code="a">Euphrates River Valley</subfield>
<subfield code="x">Antiquities.</subfield>
</datafield>
<datafield tag="651" ind1=" " ind2="0">
<subfield code="a">Syria</subfield>
<subfield code="x">Antiquities.</subfield>
</datafield>
<datafield tag="650" ind1=" " ind2="0">
<subfield code="a">Excavations (Archaeology)</subfield>
<subfield code="z">Syria.</subfield>
</datafield>
<datafield tag="651" ind1=" " ind2="7">
<subfield code="a">M&#257;ri.</subfield>
<subfield code="2">pleiades</subfield>
<subfield code="0">https://pleiades.stoa.org/places/286681704</subfield>
</datafield>
<datafield tag="651" ind1=" " ind2="7">
<subfield code="a">[Terqa]/Asicha?</subfield>
<subfield code="2">pleiades</subfield>
<subfield code="0">https://pleiades.stoa.org/places/894158</subfield>
</datafield>
<datafield tag="651" ind1=" " ind2="7">
<subfield code="a">Euphrates (river)</subfield>
<subfield code="2">pleiades</subfield>
<subfield code="0">https://pleiades.stoa.org/places/912849</subfield>
</datafield>
<datafield tag="650" ind1=" " ind2="7">
<subfield code="a">Antiquities.</subfield>
<subfield code="2">fast</subfield>
<subfield code="0">(OCoLC)fst00810745</subfield>
</datafield>
<datafield tag="650" ind1=" " ind2="7">
<subfield code="a">Excavations (Archaeology)</subfield>
<subfield code="2">fast</subfield>
<subfield code="0">(OCoLC)fst00917564</subfield>
</datafield>
<datafield tag="651" ind1=" " ind2="7">
<subfield code="a">Syria</subfield>
<subfield code="z">Mari (Extinct city)</subfield>
<subfield code="2">fast</subfield>
<subfield code="0">(OCoLC)fst01896902</subfield>
</datafield>
<datafield tag="651" ind1=" " ind2="7">
<subfield code="a">Syria.</subfield>
<subfield code="2">fast</subfield>
<subfield code="0">(OCoLC)fst01208757</subfield>
</datafield>
<datafield tag="650" ind1="0" ind2="7">
<subfield code="a">Funde.</subfield>
<subfield code="2">swd</subfield>
</datafield>
<datafield tag="650" ind1=" " ind2="7">
<subfield code="a">Keramik.</subfield>
<subfield code="2">gnd</subfield>
</datafield>
<datafield tag="650" ind1=" " ind2="7">
<subfield code="a">Terrakotta.</subfield>
<subfield code="2">gnd</subfield>
</datafield>
<datafield tag="651" ind1=" " ind2="7">
<subfield code="a">Mari, Euphrat.</subfield>
<subfield code="2">gnd</subfield>
</datafield>
<datafield tag="700" ind1="1" ind2=" ">
<subfield code="a">Margueron, Jean,</subfield>
<subfield code="e">editor.</subfield>
</datafield>
<datafield tag="700" ind1="1" ind2=" ">
<subfield code="a">Rouault, Olivier,</subfield>
<subfield code="e">editor.</subfield>
</datafield>
<datafield tag="700" ind1="1" ind2=" ">
<subfield code="a">Lombard, Pierre,</subfield>
<subfield code="d">1955-</subfield>
<subfield code="e">editor.</subfield>
</datafield>
<datafield tag="700" ind1="1" ind2=" ">
<subfield code="a">Butterlin, Pascal,</subfield>
<subfield code="e">editor.</subfield>
</datafield>
<datafield tag="710" ind1="2" ind2=" ">
<subfield code="a">Maison de l'Orient et de la M&#233;diterran&#233;e Jean Pouilloux (Lyon, France),</subfield>
<subfield code="e">issuing body.</subfield>
</datafield>
<datafield tag="710" ind1="1" ind2=" ">
<subfield code="a">France.</subfield>
<subfield code="b">Minist&#232;re des affaires &#233;trang&#232;res,</subfield>
<subfield code="e">issuing body.</subfield>
</datafield>
<datafield tag="OWN" ind1=" " ind2=" ">
<subfield code="a">GENERAL</subfield>
</datafield>
<datafield tag="AVA" ind1=" " ind2=" ">
<subfield code="a">NYU50</subfield>
<subfield code="b">NISAW</subfield>
<subfield code="c">Large Collection</subfield>
<subfield code="d">DS99.M3 A34 2007 Non-circulating</subfield>
<subfield code="e">available</subfield>
<subfield code="t">Available</subfield>
<subfield code="f">3</subfield>
<subfield code="g">0</subfield>
<subfield code="h">Y</subfield>
<subfield code="i">0</subfield>
<subfield code="j">LARGE</subfield>
<subfield code="k">0</subfield>
</datafield>
</record>