<record xmlns="http://www.loc.gov/MARC21/slim" xmlns:xsi="http://www.w3.org/2001/XMLSchema-instance" xsi:schemaLocation="http://www.loc.gov/MARC21/slim http://www.loc.gov/standards/marcxml/schema/MARC21slim.xsd">
<leader>00000cam a22      a 4500</leader>
<controlfield tag="FMT">BK</controlfield>
<controlfield tag="LDR">00000cam a22      a 4500</controlfield>
<controlfield tag="001">006056487</controlfield>
<controlfield tag="005">20180418150905.0</controlfield>
<controlfield tag="008">180411s1998    is abe   b    000 0 eng c</controlfield>
<datafield tag="020" ind1=" " ind2=" ">
<subfield code="a">9657114004</subfield>
<subfield code="q">(pbk.)</subfield>
</datafield>
<datafield tag="020" ind1=" " ind2=" ">
<subfield code="a">9789657114001</subfield>
<subfield code="q">(pbk.)</subfield>
</datafield>
<datafield tag="035" ind1=" " ind2=" ">
<subfield code="a">(OCoLC)41545317</subfield>
</datafield>
<datafield tag="040" ind1=" " ind2=" ">
<subfield code="a">VMC</subfield>
<subfield code="b">eng</subfield>
<subfield code="c">VMC</subfield>
<subfield code="d">OCLCQ</subfield>
<subfield code="d">CUY</subfield>
<subfield code="d">TOZ</subfield>
<subfield code="d">OCLCA</subfield>
<subfield code="d">OCLCF</subfield>
<subfield code="d">OCLCQ</subfield>
<subfield code="d">OCLCO</subfield>
<subfield code="d">OCLCA</subfield>
<subfield code="d">NNU</subfield>
</datafield>
<datafield tag="042" ind1=" " ind2=" ">
<subfield code="a">pcc</subfield>
</datafield>
<datafield tag="043" ind1=" " ind2=" ">
<subfield code="a">a-is---</subfield>
</datafield>
<datafield tag="050" ind1=" " ind2="4">
<subfield code="a">DS110.E458</subfield>
<subfield code="b">B54 1998</subfield>
</datafield>
<datafield tag="100" ind1="1" ind2=" ">
<subfield code="a">Bierling, Neal.</subfield>
</datafield>
<datafield tag="245" ind1="1" ind2="0">
<subfield code="a">Tel Miqne-Ekron :</subfield>
<subfield code="b">report on the 1995-1996 excavations in Field XNW : areas 77, 78, 79, 89, 90, 101, 102 : Iron Age I : text and data base (plates, sections, plans) /</subfield>
<subfield code="c">by Neal Bierling ; with contributions by Trude Dothan, Seymour Gitin and Baruch Brandl ; editor, Seymour Gitin.</subfield>
</datafield>
<datafield tag="246" ind1="3" ind2="0">
<subfield code="a">Report on the 1995-1996 excavations in Field XNW :</subfield>
<subfield code="b">areas 77, 78, 79, 89, 90, 101, 102 : Iron Age I : text and data base (plates, sections, plans)</subfield>
</datafield>
<datafield tag="260" ind1=" " ind2=" ">
<subfield code="a">Jerusalem :</subfield>
<subfield code="b">Tel Miqne-Ekron Project Office, W.F. Albright Institute of Archaeological Research,</subfield>
<subfield code="c">1998.</subfield>
</datafield>
<datafield tag="300" ind1=" " ind2=" ">
<subfield code="a">vii, 315 pages :</subfield>
<subfield code="b">illustrations, maps, plans ;</subfield>
<subfield code="c">28 cm.</subfield>
</datafield>
<datafield tag="336" ind1=" " ind2=" ">
<subfield code="a">text</subfield>
<subfield code="b">txt</subfield>
<subfield code="2">rdacontent</subfield>
</datafield>
<datafield tag="337" ind1=" " ind2=" ">
<subfield code="a">unmediated</subfield>
<subfield code="b">n</subfield>
<subfield code="2">rdamedia</subfield>
</datafield>
<datafield tag="338" ind1=" " ind2=" ">
<subfield code="a">volume</subfield>
<subfield code="b">nc</subfield>
<subfield code="2">rdacarrier</subfield>
</datafield>
<datafield tag="490" ind1="1" ind2=" ">
<subfield code="a">Tel Miqne-Ekron limited edition series ;</subfield>
<subfield code="v">no. 7</subfield>
</datafield>
<datafield tag="500" ind1=" " ind2=" ">
<subfield code="a">"A joint excavation and publication project of the W.F. Albright Institute of Archaeological Research in Jerusalem and the Institute of Archaeology of the Hebrew University of Jerusalem (The Philip and Muriel Berman Center for Biblical Archaeology). Trude Dothan and Seymour Gitin, principal investigators and project directors."</subfield>
</datafield>
<datafield tag="500" ind1=" " ind2=" ">
<subfield code="a">"The Tel Miqne-Ekron Excavation and Publications Project is affiliated with the American Schools of Oriental Research and the Israel Exploration Society"--Title page verso.</subfield>
</datafield>
<datafield tag="504" ind1=" " ind2=" ">
<subfield code="a">Includes bibliographical references (pages 58-63).</subfield>
</datafield>
<datafield tag="500" ind1=" " ind2=" ">
<subfield code="a">ISAW copy is from the library of Lawrence E. Stager.</subfield>
<subfield code="5">NyNyUAW</subfield>
</datafield>
<datafield tag="651" ind1=" " ind2="0">
<subfield code="a">Ekron (Extinct city)</subfield>
</datafield>
<datafield tag="650" ind1=" " ind2="0">
<subfield code="a">Excavations (Archaeology)</subfield>
<subfield code="z">Israel</subfield>
<subfield code="z">Ekron (Extinct city)</subfield>
</datafield>
<datafield tag="651" ind1=" " ind2="7">
<subfield code="a">Ekron/Akkaron.</subfield>
<subfield code="2">pleiades</subfield>
<subfield code="0">https://pleiades.stoa.org/places/687888</subfield>
</datafield>
<datafield tag="650" ind1=" " ind2="7">
<subfield code="a">Excavations (Archaeology)</subfield>
<subfield code="2">fast</subfield>
<subfield code="0">(OCoLC)fst00917564</subfield>
</datafield>
<datafield tag="651" ind1=" " ind2="7">
<subfield code="a">Israel</subfield>
<subfield code="z">Ekron (Extinct city)</subfield>
<subfield code="2">fast</subfield>
<subfield code="0">(OCoLC)fst01897140</subfield>
</datafield>
<datafield tag="700" ind1="1" ind2=" ">
<subfield code="a">Dothan, Trude.</subfield>
</datafield>
<datafield tag="700" ind1="1" ind2=" ">
<subfield code="a">Gitin, Seymour.</subfield>
</datafield>
<datafield tag="700" ind1="1" ind2=" ">
<subfield code="a">Brandl, Baruch.</subfield>
</datafield>
<datafield tag="700" ind1="1" ind2=" ">
<subfield code="a">Stager, Lawrence E.,</subfield>
<subfield code="e">former owner.</subfield>
<subfield code="5">NyNyUAW</subfield>
</datafield>
<datafield tag="710" ind1="2" ind2=" ">
<subfield code="a">W.F. Albright Institute of Archaeological Research.</subfield>
</datafield>
<datafield tag="710" ind1="2" ind2=" ">
<subfield code="a">Universi&#7789;ah ha-&#699;Ivrit bi-Yerushalayim.</subfield>
<subfield code="b">Makhon le-arkhe&#700;ologyah.</subfield>
</datafield>
<datafield tag="710" ind1="2" ind2=" ">
<subfield code="a">American Schools of Oriental Research.</subfield>
</datafield>
<datafield tag="710" ind1="2" ind2=" ">
<subfield code="a">&#7716;evrah la-&#7717;a&#7731;irat Erets-Yi&#347;ra&#700;el &#7807;e-&#699;ati&#7731;oteha.</subfield>
</datafield>
<datafield tag="710" ind1="2" ind2=" ">
<subfield code="a">Philip and Muriel Berman Center for Biblical Archaeology.</subfield>
</datafield>
<datafield tag="710" ind1="2" ind2=" ">
<subfield code="a">Tel Miqne-Ekron Excavation and Publication Project.</subfield>
</datafield>
<datafield tag="740" ind1="0" ind2=" ">
<subfield code="a">Stager Collection.</subfield>
<subfield code="5">NyNyUAW</subfield>
</datafield>
<datafield tag="830" ind1=" " ind2="0">
<subfield code="a">Tel Miqne-Ekron limited edition series ;</subfield>
<subfield code="v">no. 7.</subfield>
</datafield>
<datafield tag="OWN" ind1=" " ind2=" ">
<subfield code="a">GENERAL</subfield>
</datafield>
<datafield tag="AVA" ind1=" " ind2=" ">
<subfield code="a">NYU50</subfield>
<subfield code="b">NISAW</subfield>
<subfield code="c">Large Collection</subfield>
<subfield code="d">DS110.E458 B54 1998 Non-circulating</subfield>
<subfield code="e">available</subfield>
<subfield code="t">Available</subfield>
<subfield code="f">1</subfield>
<subfield code="g">0</subfield>
<subfield code="h">N</subfield>
<subfield code="i">0</subfield>
<subfield code="j">LARGE</subfield>
<subfield code="k">0</subfield>
</datafield>
</record>