<record xmlns="http://www.loc.gov/MARC21/slim" xmlns:xsi="http://www.w3.org/2001/XMLSchema-instance" xsi:schemaLocation="http://www.loc.gov/MARC21/slim http://www.loc.gov/standards/marcxml/schema/MARC21slim.xsd">
<leader>00000cam a22     I  4500</leader>
<controlfield tag="FMT">BK</controlfield>
<controlfield tag="LDR">00000cam a22     I  4500</controlfield>
<controlfield tag="001">006056442</controlfield>
<controlfield tag="005">20180418153550.0</controlfield>
<controlfield tag="008">761207s1964    nyuabce       001 0 eng</controlfield>
<datafield tag="010" ind1=" " ind2=" ">
<subfield code="a">   64019318</subfield>
</datafield>
<datafield tag="035" ind1=" " ind2=" ">
<subfield code="a">(OCoLC)2604740</subfield>
<subfield code="z">(OCoLC)992634334</subfield>
</datafield>
<datafield tag="040" ind1=" " ind2=" ">
<subfield code="a">DLC</subfield>
<subfield code="b">eng</subfield>
<subfield code="c">OHI</subfield>
<subfield code="d">SER</subfield>
<subfield code="d">OCLCQ</subfield>
<subfield code="d">OCLCG</subfield>
<subfield code="d">OCLCQ</subfield>
<subfield code="d">OCLCF</subfield>
<subfield code="d">P4I</subfield>
<subfield code="d">OCLCQ</subfield>
<subfield code="d">OCLCO</subfield>
<subfield code="d">ZYU</subfield>
</datafield>
<datafield tag="041" ind1="1" ind2=" ">
<subfield code="a">eng</subfield>
<subfield code="h">heb</subfield>
</datafield>
<datafield tag="043" ind1=" " ind2=" ">
<subfield code="a">a-is---</subfield>
</datafield>
<datafield tag="050" ind1="0" ind2="4">
<subfield code="a">DS122.8</subfield>
<subfield code="b">.A55 1964</subfield>
</datafield>
<datafield tag="082" ind1="0" ind2="4">
<subfield code="a">913.33</subfield>
</datafield>
<datafield tag="100" ind1="1" ind2=" ">
<subfield code="a">Allegro, John Marco,</subfield>
<subfield code="d">1923-</subfield>
</datafield>
<datafield tag="245" ind1="1" ind2="4">
<subfield code="a">The treasure of the Copper scroll :</subfield>
<subfield code="b">the opening and the decipherment of the most mysterious of the Dead Sea Scrolls, a unique inventory of buried treasure, with some of the results of a survey carried out on the treasure sites in the Holy Land /</subfield>
<subfield code="c">by John Marco Allegro.</subfield>
</datafield>
<datafield tag="250" ind1=" " ind2=" ">
<subfield code="a">2d rev. ed.</subfield>
</datafield>
<datafield tag="260" ind1=" " ind2=" ">
<subfield code="a">Garden City, N.Y. :</subfield>
<subfield code="b">Anchor Books,</subfield>
<subfield code="c">1964.</subfield>
</datafield>
<datafield tag="300" ind1=" " ind2=" ">
<subfield code="a">xi, 186 pages :</subfield>
<subfield code="b">illustrations, maps, plans, portraits ;</subfield>
<subfield code="c">18 cm.</subfield>
</datafield>
<datafield tag="336" ind1=" " ind2=" ">
<subfield code="a">text</subfield>
<subfield code="b">txt</subfield>
<subfield code="2">rdacontent</subfield>
</datafield>
<datafield tag="337" ind1=" " ind2=" ">
<subfield code="a">unmediated</subfield>
<subfield code="b">n</subfield>
<subfield code="2">rdamedia</subfield>
</datafield>
<datafield tag="338" ind1=" " ind2=" ">
<subfield code="a">volume</subfield>
<subfield code="b">nc</subfield>
<subfield code="2">rdacarrier</subfield>
</datafield>
<datafield tag="490" ind1="1" ind2=" ">
<subfield code="a">A Doubleday anchor book</subfield>
</datafield>
<datafield tag="500" ind1=" " ind2=" ">
<subfield code="a">"A412."</subfield>
</datafield>
<datafield tag="500" ind1=" " ind2=" ">
<subfield code="a">Includes indexes.</subfield>
</datafield>
<datafield tag="500" ind1=" " ind2=" ">
<subfield code="a">English translation of the text of the Copper scroll: p. 21-27. "A complete facsimile and transcription of the Hebrew text [may be found] in the first edition of this book, pages 32-55." -- p. 21.</subfield>
</datafield>
<datafield tag="500" ind1=" " ind2=" ">
<subfield code="a">ISAW copy is from the library of Robert A. Kraft.</subfield>
<subfield code="5">NyNyUAW</subfield>
</datafield>
<datafield tag="630" ind1="0" ind2="0">
<subfield code="a">Dead Sea scrolls.</subfield>
</datafield>
<datafield tag="650" ind1=" " ind2="0">
<subfield code="a">Treasure troves</subfield>
<subfield code="z">Palestine.</subfield>
</datafield>
<datafield tag="650" ind1=" " ind2="0">
<subfield code="a">Zealots (Jewish party)</subfield>
</datafield>
<datafield tag="651" ind1=" " ind2="7">
<subfield code="a">Qumran.</subfield>
<subfield code="2">pleiades</subfield>
<subfield code="0">https://pleiades.stoa.org/places/688011</subfield>
</datafield>
<datafield tag="650" ind1=" " ind2="7">
<subfield code="a">Treasure troves.</subfield>
<subfield code="2">fast</subfield>
<subfield code="0">(OCoLC)fst01431639</subfield>
</datafield>
<datafield tag="650" ind1=" " ind2="7">
<subfield code="a">Zealots (Jewish party)</subfield>
<subfield code="2">fast</subfield>
<subfield code="0">(OCoLC)fst01184140</subfield>
</datafield>
<datafield tag="651" ind1=" " ind2="7">
<subfield code="a">Middle East</subfield>
<subfield code="z">Palestine.</subfield>
<subfield code="2">fast</subfield>
<subfield code="0">(OCoLC)fst01207534</subfield>
</datafield>
<datafield tag="700" ind1="1" ind2=" ">
<subfield code="a">Kraft, Robert A.,</subfield>
<subfield code="e">former owner.</subfield>
<subfield code="5">NyNyUAW</subfield>
</datafield>
<datafield tag="730" ind1="0" ind2=" ">
<subfield code="a">Copper scroll.</subfield>
<subfield code="l">English.</subfield>
</datafield>
<datafield tag="776" ind1="0" ind2="8">
<subfield code="i">Online version:</subfield>
<subfield code="a">Allegro, John Marco, 1923-</subfield>
<subfield code="t">Treasure of the Copper scroll.</subfield>
<subfield code="b">2d rev. ed.</subfield>
<subfield code="d">Garden City, N.Y., Anchor Books [1964]</subfield>
<subfield code="w">(OCoLC)891945353</subfield>
</datafield>
<datafield tag="830" ind1=" " ind2="0">
<subfield code="a">Doubleday anchor books.</subfield>
</datafield>
<datafield tag="OWN" ind1=" " ind2=" ">
<subfield code="a">GENERAL</subfield>
</datafield>
<datafield tag="AVA" ind1=" " ind2=" ">
<subfield code="a">NYU50</subfield>
<subfield code="b">NISAW</subfield>
<subfield code="c">Small Collection</subfield>
<subfield code="d">DS122.8 .A55 1964 Non-circulating</subfield>
<subfield code="e">available</subfield>
<subfield code="t">Available</subfield>
<subfield code="f">1</subfield>
<subfield code="g">0</subfield>
<subfield code="h">N</subfield>
<subfield code="i">0</subfield>
<subfield code="j">SMALL</subfield>
<subfield code="k">0</subfield>
</datafield>
</record>