<record xmlns="http://www.loc.gov/MARC21/slim" xmlns:xsi="http://www.w3.org/2001/XMLSchema-instance" xsi:schemaLocation="http://www.loc.gov/MARC21/slim http://www.loc.gov/standards/marcxml/schema/MARC21slim.xsd">
<leader>00000cam a22     4a 4500</leader>
<controlfield tag="FMT">BK</controlfield>
<controlfield tag="LDR">00000cam a22     4a 4500</controlfield>
<controlfield tag="001">006061251</controlfield>
<controlfield tag="005">20180427162952.0</controlfield>
<controlfield tag="008">180425s2001    enkab    b    001 0 eng c</controlfield>
<datafield tag="015" ind1=" " ind2=" ">
<subfield code="a">GBA413791</subfield>
<subfield code="2">bnb</subfield>
</datafield>
<datafield tag="015" ind1=" " ind2=" ">
<subfield code="a">GBA219098</subfield>
<subfield code="2">bnb</subfield>
</datafield>
<datafield tag="016" ind1="7" ind2=" ">
<subfield code="a">007049927</subfield>
<subfield code="2">Uk</subfield>
</datafield>
<datafield tag="020" ind1=" " ind2=" ">
<subfield code="a">1841271365</subfield>
</datafield>
<datafield tag="020" ind1=" " ind2=" ">
<subfield code="a">9781841271361</subfield>
</datafield>
<datafield tag="035" ind1=" " ind2=" ">
<subfield code="a">(OCoLC)48395382</subfield>
<subfield code="z">(OCoLC)56437050</subfield>
<subfield code="z">(OCoLC)59483395</subfield>
<subfield code="z">(OCoLC)641168739</subfield>
</datafield>
<datafield tag="040" ind1=" " ind2=" ">
<subfield code="a">COO</subfield>
<subfield code="b">eng</subfield>
<subfield code="c">COO</subfield>
<subfield code="d">LVB</subfield>
<subfield code="d">OCLCQ</subfield>
<subfield code="d">UKM</subfield>
<subfield code="d">NLGGC</subfield>
<subfield code="d">BAKER</subfield>
<subfield code="d">YDXCP</subfield>
<subfield code="d">AU@</subfield>
<subfield code="d">HEBIS</subfield>
<subfield code="d">STF</subfield>
<subfield code="d">UKV3G</subfield>
<subfield code="d">HNW</subfield>
<subfield code="d">BDX</subfield>
<subfield code="d">XII</subfield>
<subfield code="d">OCLCF</subfield>
<subfield code="d">OCLCQ</subfield>
<subfield code="d">DEBBG</subfield>
<subfield code="d">OCLCQ</subfield>
<subfield code="d">OCLCO</subfield>
<subfield code="d">DHA</subfield>
<subfield code="d">OCLCQ</subfield>
<subfield code="d">NNU</subfield>
</datafield>
<datafield tag="042" ind1=" " ind2=" ">
<subfield code="a">pcc</subfield>
</datafield>
<datafield tag="043" ind1=" " ind2=" ">
<subfield code="a">a-jo---</subfield>
</datafield>
<datafield tag="050" ind1=" " ind2="4">
<subfield code="a">DS153.3</subfield>
<subfield code="b">.A71 2001</subfield>
</datafield>
<datafield tag="082" ind1="0" ind2="4">
<subfield code="a">933</subfield>
<subfield code="2">21</subfield>
</datafield>
<datafield tag="084" ind1=" " ind2=" ">
<subfield code="a">15.30</subfield>
<subfield code="2">bcl</subfield>
</datafield>
<datafield tag="245" ind1="0" ind2="4">
<subfield code="a">The archaeology of Jordan /</subfield>
<subfield code="c">edited by Burton MacDonald, Russell Adams, Piotr Bienkowski.</subfield>
</datafield>
<datafield tag="260" ind1=" " ind2=" ">
<subfield code="a">Sheffield, England :</subfield>
<subfield code="b">Sheffield Academic Press,</subfield>
<subfield code="c">&#169;2001.</subfield>
</datafield>
<datafield tag="300" ind1=" " ind2=" ">
<subfield code="a">xv, 704 pages :</subfield>
<subfield code="b">illustrations, maps ;</subfield>
<subfield code="c">29 cm.</subfield>
</datafield>
<datafield tag="336" ind1=" " ind2=" ">
<subfield code="a">text</subfield>
<subfield code="b">txt</subfield>
<subfield code="2">rdacontent</subfield>
</datafield>
<datafield tag="337" ind1=" " ind2=" ">
<subfield code="a">unmediated</subfield>
<subfield code="b">n</subfield>
<subfield code="2">rdamedia</subfield>
</datafield>
<datafield tag="338" ind1=" " ind2=" ">
<subfield code="a">volume</subfield>
<subfield code="b">nc</subfield>
<subfield code="2">rdacarrier</subfield>
</datafield>
<datafield tag="490" ind1="1" ind2=" ">
<subfield code="a">Levantine archaeology ;</subfield>
<subfield code="v">1</subfield>
</datafield>
<datafield tag="500" ind1=" " ind2=" ">
<subfield code="a">ISAW copy is from the library of Lawrence E. Stager.</subfield>
<subfield code="5">NyNyUAW</subfield>
</datafield>
<datafield tag="504" ind1=" " ind2=" ">
<subfield code="a">Includes bibliographical references and index.</subfield>
</datafield>
<datafield tag="505" ind1="0" ind2=" ">
<subfield code="a">Evolving landscape and environment in Jordan / Phillip G. Macumber -- The Palaeolithic period, including the Epipalaeolithic / Deborah I. Olszewski -- The Neolithic period / Gary O. Rollefson -- The Chalcolithic period / Stephen J. Bourke -- The Early Bronze I-III Ages / Graham Philip -- The Early Bronze Age IV / Gaetano Palumbo -- The Middle Bronze Age / Steven Falconer -- The Late Bronze Age / John Strange -- The Iron Age / Larry G. Herr and Muhammad Najjar -- The Persian period / Piotr Bienkowski -- The Nabateans : travellers between lifestyles / Stephan G. Schmid -- Roman Jordan / Philip Freeman -- The Byzantine period / Pamela Watson -- Umayyad and Abbasid periods / Donald Whitcomb -- Fatimid, Ayyubid and Mamluk Jordan and the crusader interlude / Alan Walmsley -- The Ottoman period / Alison McQuitty -- Climatic changes in Jordan through time / Burton MacDonald -- Water supply in Jordan through the ages / John Peter Oleson -- Pastoralism / Alison Betts -- Traditional agriculture / Carol Palmer -- Archaeological survey in Jordan / Edward Banning -- The analysis of chipped stone / Douglas Baird -- Pottery technology / Henk Franken -- Writing and texts / Alan Millard -- The Bible, archaeology and Jordan / Burton MacDonald -- The mosaics of Jordan / Michele Piccirillo -- Crusader castles in Jordan / Denys Pringle -- Ottoman Hajj forts / Andrew Petersen.</subfield>
</datafield>
<datafield tag="650" ind1=" " ind2="0">
<subfield code="a">Excavations (Archaeology)</subfield>
<subfield code="z">Jordan.</subfield>
</datafield>
<datafield tag="651" ind1=" " ind2="0">
<subfield code="a">Jordan</subfield>
<subfield code="x">Antiquities.</subfield>
</datafield>
<datafield tag="650" ind1=" " ind2="7">
<subfield code="a">Antiquities.</subfield>
<subfield code="2">fast</subfield>
<subfield code="0">(OCoLC)fst00810745</subfield>
</datafield>
<datafield tag="650" ind1=" " ind2="7">
<subfield code="a">Excavations (Archaeology)</subfield>
<subfield code="2">fast</subfield>
<subfield code="0">(OCoLC)fst00917564</subfield>
</datafield>
<datafield tag="651" ind1=" " ind2="7">
<subfield code="a">Jordan.</subfield>
<subfield code="2">fast</subfield>
<subfield code="0">(OCoLC)fst01205669</subfield>
</datafield>
<datafield tag="650" ind1=" " ind2="7">
<subfield code="a">Arch&#228;ologie.</subfield>
<subfield code="2">gnd</subfield>
<subfield code="0">(DE-588)4002827-6</subfield>
</datafield>
<datafield tag="651" ind1=" " ind2="7">
<subfield code="a">Jordanien.</subfield>
<subfield code="2">gnd</subfield>
<subfield code="0">(DE-588)4028750-6</subfield>
</datafield>
<datafield tag="655" ind1=" " ind2="4">
<subfield code="a">Aufsatzsammlung.</subfield>
</datafield>
<datafield tag="700" ind1="1" ind2=" ">
<subfield code="a">MacDonald, Burton,</subfield>
<subfield code="d">1939-</subfield>
</datafield>
<datafield tag="700" ind1="1" ind2=" ">
<subfield code="a">Adams, Russell,</subfield>
<subfield code="d">1957-</subfield>
</datafield>
<datafield tag="700" ind1="1" ind2=" ">
<subfield code="a">Bienkowski, Piotr.</subfield>
</datafield>
<datafield tag="700" ind1="1" ind2=" ">
<subfield code="a">Stager, Lawrence E.,</subfield>
<subfield code="e">former owner.</subfield>
<subfield code="5">NyNyUAW</subfield>
</datafield>
<datafield tag="740" ind1="0" ind2=" ">
<subfield code="a">Stager Collection.</subfield>
<subfield code="5">NyNyUAW</subfield>
</datafield>
<datafield tag="830" ind1=" " ind2="0">
<subfield code="a">Levantine archaeology ;</subfield>
<subfield code="v">1.</subfield>
</datafield>
<datafield tag="OWN" ind1=" " ind2=" ">
<subfield code="a">GENERAL</subfield>
</datafield>
<datafield tag="AVA" ind1=" " ind2=" ">
<subfield code="a">NYU50</subfield>
<subfield code="b">NISAW</subfield>
<subfield code="c">Large Collection</subfield>
<subfield code="d">DS153.3 .A71 2001 Non-circulating</subfield>
<subfield code="e">available</subfield>
<subfield code="t">Available</subfield>
<subfield code="f">1</subfield>
<subfield code="g">0</subfield>
<subfield code="h">N</subfield>
<subfield code="i">0</subfield>
<subfield code="j">LARGE</subfield>
<subfield code="k">0</subfield>
</datafield>
</record>