<record xmlns="http://www.loc.gov/MARC21/slim" xmlns:xsi="http://www.w3.org/2001/XMLSchema-instance" xsi:schemaLocation="http://www.loc.gov/MARC21/slim http://www.loc.gov/standards/marcxml/schema/MARC21slim.xsd">
<leader>00000cam a22     4a 4500</leader>
<controlfield tag="FMT">BK</controlfield>
<controlfield tag="LDR">00000cam a22     4a 4500</controlfield>
<controlfield tag="001">006055825</controlfield>
<controlfield tag="005">20180418150707.0</controlfield>
<controlfield tag="008">180409s2003    enkabe   b    000 0 eng</controlfield>
<datafield tag="010" ind1=" " ind2=" ">
<subfield code="a">  2004396598</subfield>
</datafield>
<datafield tag="015" ind1=" " ind2=" ">
<subfield code="a">GBA419149</subfield>
<subfield code="2">bnb</subfield>
</datafield>
<datafield tag="016" ind1="7" ind2=" ">
<subfield code="a">012970993</subfield>
<subfield code="2">Uk</subfield>
</datafield>
<datafield tag="020" ind1=" " ind2=" ">
<subfield code="a">1841715670</subfield>
<subfield code="q">(pbk.)</subfield>
</datafield>
<datafield tag="020" ind1=" " ind2=" ">
<subfield code="a">9781841715674</subfield>
<subfield code="q">(pbk.)</subfield>
</datafield>
<datafield tag="035" ind1=" " ind2=" ">
<subfield code="a">(OCoLC)54886209</subfield>
<subfield code="z">(OCoLC)54846657</subfield>
<subfield code="z">(OCoLC)59277153</subfield>
</datafield>
<datafield tag="040" ind1=" " ind2=" ">
<subfield code="a">DLC</subfield>
<subfield code="b">eng</subfield>
<subfield code="c">DLC</subfield>
<subfield code="d">EYM</subfield>
<subfield code="d">AZS</subfield>
<subfield code="d">COO</subfield>
<subfield code="d">UKV3G</subfield>
<subfield code="d">BTCTA</subfield>
<subfield code="d">YDXCP</subfield>
<subfield code="d">TOZ</subfield>
<subfield code="d">GEBAY</subfield>
<subfield code="d">UKMGB</subfield>
<subfield code="d">OCLCF</subfield>
<subfield code="d">OCLCO</subfield>
<subfield code="d">OCLCQ</subfield>
<subfield code="d">DHA</subfield>
<subfield code="d">OCLCQ</subfield>
<subfield code="d">NNU</subfield>
</datafield>
<datafield tag="042" ind1=" " ind2=" ">
<subfield code="a">pcc</subfield>
</datafield>
<datafield tag="043" ind1=" " ind2=" ">
<subfield code="a">a-jo---</subfield>
</datafield>
<datafield tag="050" ind1=" " ind2="4">
<subfield code="a">DS154.9.P43</subfield>
<subfield code="b">M35 2003</subfield>
</datafield>
<datafield tag="050" ind1="0" ind2="0">
<subfield code="a">DS154.9.P43</subfield>
<subfield code="b">M38 2003</subfield>
</datafield>
<datafield tag="082" ind1="0" ind2="0">
<subfield code="a">933</subfield>
<subfield code="2">22</subfield>
</datafield>
<datafield tag="100" ind1="1" ind2=" ">
<subfield code="a">McLaren, P. Bruce.</subfield>
</datafield>
<datafield tag="245" ind1="1" ind2="4">
<subfield code="a">The military architecture of Jordan during the Middle Bronze Age :</subfield>
<subfield code="b">new evidence from Pella and Rukeis /</subfield>
<subfield code="c">P. Bruce McLaren.</subfield>
</datafield>
<datafield tag="260" ind1=" " ind2=" ">
<subfield code="a">Oxford, England :</subfield>
<subfield code="b">Archaeopress :</subfield>
<subfield code="b">Available from Hadrian Books,</subfield>
<subfield code="c">2003.</subfield>
</datafield>
<datafield tag="300" ind1=" " ind2=" ">
<subfield code="a">viii, 147 pages :</subfield>
<subfield code="b">illustrations, maps, plans ;</subfield>
<subfield code="c">30 cm.</subfield>
</datafield>
<datafield tag="336" ind1=" " ind2=" ">
<subfield code="a">text</subfield>
<subfield code="b">txt</subfield>
<subfield code="2">rdacontent</subfield>
</datafield>
<datafield tag="337" ind1=" " ind2=" ">
<subfield code="a">unmediated</subfield>
<subfield code="b">n</subfield>
<subfield code="2">rdamedia</subfield>
</datafield>
<datafield tag="338" ind1=" " ind2=" ">
<subfield code="a">volume</subfield>
<subfield code="b">nc</subfield>
<subfield code="2">rdacarrier</subfield>
</datafield>
<datafield tag="490" ind1="1" ind2=" ">
<subfield code="a">BAR international series ;</subfield>
<subfield code="v">1202</subfield>
</datafield>
<datafield tag="500" ind1=" " ind2=" ">
<subfield code="a">Originally presented as the author's thesis (doctoral--University of Sydney) under the title: The military architecture of Middle Bronze Age Jordan.</subfield>
</datafield>
<datafield tag="504" ind1=" " ind2=" ">
<subfield code="a">Includes bibliographical references (pages 132-147).</subfield>
</datafield>
<datafield tag="530" ind1=" " ind2=" ">
<subfield code="a">Also issued online.</subfield>
</datafield>
<datafield tag="500" ind1=" " ind2=" ">
<subfield code="a">ISAW copy is from the library of Lawrence E. Stager.</subfield>
<subfield code="5">NyNyUAW</subfield>
</datafield>
<datafield tag="651" ind1=" " ind2="0">
<subfield code="a">Pella of the Decapolis (Extinct city)</subfield>
</datafield>
<datafield tag="651" ind1=" " ind2="0">
<subfield code="a">Rukeis, Tell (Jordan)</subfield>
</datafield>
<datafield tag="650" ind1=" " ind2="0">
<subfield code="a">Excavations (Archaeology)</subfield>
<subfield code="z">Jordan.</subfield>
</datafield>
<datafield tag="650" ind1=" " ind2="0">
<subfield code="a">Military architecture</subfield>
<subfield code="z">Jordan</subfield>
<subfield code="z">Pella of the Decapolis (Extinct city)</subfield>
</datafield>
<datafield tag="650" ind1=" " ind2="0">
<subfield code="a">Military architecture</subfield>
<subfield code="z">Jordan</subfield>
<subfield code="z">Rukeis, Tell.</subfield>
</datafield>
<datafield tag="650" ind1=" " ind2="0">
<subfield code="a">Bronze age</subfield>
<subfield code="z">Jordan.</subfield>
</datafield>
<datafield tag="651" ind1=" " ind2="7">
<subfield code="a">Pella/Berenice/Philippeia.</subfield>
<subfield code="2">pleiades</subfield>
<subfield code="0">https://pleiades.stoa.org/places/678326</subfield>
</datafield>
<datafield tag="650" ind1=" " ind2="7">
<subfield code="a">Bronze age.</subfield>
<subfield code="2">fast</subfield>
<subfield code="0">(OCoLC)fst00839439</subfield>
</datafield>
<datafield tag="650" ind1=" " ind2="7">
<subfield code="a">Excavations (Archaeology)</subfield>
<subfield code="2">fast</subfield>
<subfield code="0">(OCoLC)fst00917564</subfield>
</datafield>
<datafield tag="650" ind1=" " ind2="7">
<subfield code="a">Military architecture.</subfield>
<subfield code="2">fast</subfield>
<subfield code="0">(OCoLC)fst01020865</subfield>
</datafield>
<datafield tag="651" ind1=" " ind2="7">
<subfield code="a">Jordan.</subfield>
<subfield code="2">fast</subfield>
<subfield code="0">(OCoLC)fst01205669</subfield>
</datafield>
<datafield tag="651" ind1=" " ind2="7">
<subfield code="a">Jordan</subfield>
<subfield code="z">Pella of the Decapolis (Extinct city)</subfield>
<subfield code="2">fast</subfield>
<subfield code="0">(OCoLC)fst01897069</subfield>
</datafield>
<datafield tag="651" ind1=" " ind2="7">
<subfield code="a">Jordan</subfield>
<subfield code="z">Tell Rukeis.</subfield>
<subfield code="2">fast</subfield>
<subfield code="0">(OCoLC)fst01891498</subfield>
</datafield>
<datafield tag="650" ind1="0" ind2="7">
<subfield code="a">Milit&#228;rbau.</subfield>
<subfield code="2">swd</subfield>
</datafield>
<datafield tag="650" ind1="0" ind2="7">
<subfield code="a">Geschichte 2300 v. Chr.-1550 v. Chr.</subfield>
<subfield code="2">swd</subfield>
</datafield>
<datafield tag="651" ind1=" " ind2="7">
<subfield code="a">Jordanien.</subfield>
<subfield code="2">swd</subfield>
</datafield>
<datafield tag="653" ind1=" " ind2=" ">
<subfield code="a">Military architecture</subfield>
<subfield code="a">Jordan</subfield>
<subfield code="a">Middle Bronze Age</subfield>
</datafield>
<datafield tag="700" ind1="1" ind2=" ">
<subfield code="a">Stager, Lawrence E.,</subfield>
<subfield code="e">former owner.</subfield>
<subfield code="5">NyNyUAW</subfield>
</datafield>
<datafield tag="740" ind1="0" ind2=" ">
<subfield code="a">Stager Collection.</subfield>
<subfield code="5">NyNyUAW</subfield>
</datafield>
<datafield tag="776" ind1="0" ind2="8">
<subfield code="i">Online version:</subfield>
<subfield code="a">McLaren, P. Bruce.</subfield>
<subfield code="t">Military architecture of Jordan during the Middle Bronze Age.</subfield>
<subfield code="d">Oxford, England : Archaeopress : Available from Hadrian Books, 2003</subfield>
<subfield code="w">(OCoLC)603946144</subfield>
</datafield>
<datafield tag="830" ind1=" " ind2="0">
<subfield code="a">BAR international series ;</subfield>
<subfield code="v">1202.</subfield>
</datafield>
<datafield tag="OWN" ind1=" " ind2=" ">
<subfield code="a">GENERAL</subfield>
</datafield>
<datafield tag="AVA" ind1=" " ind2=" ">
<subfield code="a">NYU50</subfield>
<subfield code="b">NISAW</subfield>
<subfield code="c">Large Collection</subfield>
<subfield code="d">DS154.9.P43 M35 2003 Non-circulating</subfield>
<subfield code="e">available</subfield>
<subfield code="t">Available</subfield>
<subfield code="f">1</subfield>
<subfield code="g">0</subfield>
<subfield code="h">N</subfield>
<subfield code="i">0</subfield>
<subfield code="j">LARGE</subfield>
<subfield code="k">0</subfield>
</datafield>
</record>