<record xmlns="http://www.loc.gov/MARC21/slim" xmlns:xsi="http://www.w3.org/2001/XMLSchema-instance" xsi:schemaLocation="http://www.loc.gov/MARC21/slim http://www.loc.gov/standards/marcxml/schema/MARC21slim.xsd">
<leader>00000cam a22     Ii 4500</leader>
<controlfield tag="FMT">BK</controlfield>
<controlfield tag="LDR">00000cam a22     Ii 4500</controlfield>
<controlfield tag="001">006059659</controlfield>
<controlfield tag="005">20180427155904.0</controlfield>
<controlfield tag="008">180423t20172017tu abe   b    000 0 tur d</controlfield>
<datafield tag="020" ind1=" " ind2=" ">
<subfield code="a">9786059389907</subfield>
</datafield>
<datafield tag="020" ind1=" " ind2=" ">
<subfield code="a">6059389902</subfield>
</datafield>
<datafield tag="035" ind1=" " ind2=" ">
<subfield code="a">(OCoLC)1031908031</subfield>
</datafield>
<datafield tag="040" ind1=" " ind2=" ">
<subfield code="a">HLS</subfield>
<subfield code="b">eng</subfield>
<subfield code="e">rda</subfield>
<subfield code="c">HLS</subfield>
<subfield code="d">ZYU</subfield>
</datafield>
<datafield tag="041" ind1="0" ind2=" ">
<subfield code="a">tur</subfield>
<subfield code="a">eng</subfield>
<subfield code="b">eng</subfield>
</datafield>
<datafield tag="043" ind1=" " ind2=" ">
<subfield code="a">a-tu---</subfield>
</datafield>
<datafield tag="050" ind1=" " ind2="4">
<subfield code="a">DS156.O49</subfield>
<subfield code="b">O492 2017</subfield>
</datafield>
<datafield tag="245" ind1="0" ind2="0">
<subfield code="a">Olympos.</subfield>
<subfield code="n">I,</subfield>
<subfield code="p">2000-2014 ara&#351;t&#305;rma sonu&#231;lar&#305; :</subfield>
<subfield code="b">Turkish text with English summaries /</subfield>
<subfield code="c">editor B. Yelda Olcay U&#231;kan.</subfield>
</datafield>
<datafield tag="250" ind1=" " ind2=" ">
<subfield code="a">1st edition.</subfield>
</datafield>
<datafield tag="264" ind1=" " ind2="1">
<subfield code="a">Antalya, T&#252;rkiye :</subfield>
<subfield code="a">Akmed, Ko&#231; University Suna &amp; Inan K&#305;ra&#231; Research Center for Mediterranean Civilizations,</subfield>
<subfield code="c">[2017]</subfield>
</datafield>
<datafield tag="264" ind1=" " ind2="3">
<subfield code="a">&#304;stanbul, T&#252;rkiye :</subfield>
<subfield code="b">Oksijen Bas&#305;m ve Matbaac&#305;l&#305;k San. Tic. Ltd. &#350;ti.</subfield>
</datafield>
<datafield tag="264" ind1=" " ind2="4">
<subfield code="c">&#169;2017</subfield>
</datafield>
<datafield tag="300" ind1=" " ind2=" ">
<subfield code="a">x, 290 pages :</subfield>
<subfield code="b">illustrations (some color), maps, plans ;</subfield>
<subfield code="c">29 cm. +</subfield>
<subfield code="e">1 folded map in pocket</subfield>
</datafield>
<datafield tag="336" ind1=" " ind2=" ">
<subfield code="a">text</subfield>
<subfield code="b">txt</subfield>
<subfield code="2">rdacontent</subfield>
</datafield>
<datafield tag="337" ind1=" " ind2=" ">
<subfield code="a">unmediated</subfield>
<subfield code="b">n</subfield>
<subfield code="2">rdamedia</subfield>
</datafield>
<datafield tag="338" ind1=" " ind2=" ">
<subfield code="a">volume</subfield>
<subfield code="b">nc</subfield>
<subfield code="2">rdacarrier</subfield>
</datafield>
<datafield tag="490" ind1="1" ind2=" ">
<subfield code="a">Akmed series in Mediterranean studies ;</subfield>
<subfield code="v">2</subfield>
</datafield>
<datafield tag="504" ind1=" " ind2=" ">
<subfield code="a">Includes bibliographical references (pages 267-290).</subfield>
</datafield>
<datafield tag="505" ind1="0" ind2=" ">
<subfield code="a">Olympos'un Roma ve Bizans D&#246;nemi Kent Dokusu / B. Yelda Olcay U&#231;kan, &#214;. Emre &#214;nc&#252;, Se&#231;kin Evcim -- Olympos Hellenistik ve Roma D&#246;nemi Mimari Ara&#351;t&#305;rmalar&#305;: K&#246;pr&#252;, K&#246;pr&#252; Caddesi ve Kent Surlar&#305; / &#214;. Emre &#214;nc&#252; -- Olympos Kenti Episkopeion Yap&#305; Toplulu&#287;u / G&#246;k&#231;en Kurtulu&#351; &#214;zta&#351;k&#305;n -- Olympos Bizans D&#246;nemi S&#252;tun Ba&#351;l&#305;klar&#305; ve Kaideleri / G&#246;k&#231;en Kurtulu&#351; &#214;zta&#351;k&#305;n, Sinan Sertel -- Olympos Bizans D&#246;nemi Delikli Levhalar&#305; / Se&#231;kin Evcim, Mehmet Cihangir Uzun -- Olympos'taki Bizans D&#246;nemi'ne Ait Duvar Resimleri / Nilay &#199;ora&#287;an -- Olympos Kaz&#305;s&#305; Madeni Buluntular / Zeliha Demirel G&#246;kalp, Mehmet Cihangir Uzun, Berna Y&#305;ld&#305;r&#305;m -- Olympos Kaz&#305;s&#305; Cam Buluntular&#305; / B. Yelda Olcay U&#231;kan -- Olympos Kaz&#305;s&#305; Seramik Buluntular&#305; / Muradiye &#214;zta&#351;k&#305;n -- Yaz&#305;tlar&#305;n I&#351;&#305;&#287;&#305;nda Olympos (Likya) / H&#252;seyin Sami &#214;zt&#252;rk -- Olympos Koruma &#199;al&#305;&#351;malar&#305; / Erkan U&#231;kan -- Olympos'un Biyo&#231;e&#351;itlili&#287;i &#220;zerine Bir Ara&#351;t&#305;rma / Fatma Akdeniz, Aziz Aslan, Harun B&#246;c&#252;k, &#214;zge Tufan &#199;etin, Nesil Ertorun, Hacer Sert, Ay&#351;en &#214;zdemir T&#252;rk, G&#252;ray Uyar -- K&#305;saltmalar ve Kaynak&#231;a -- Olympos Projesi Kaynak&#231;as&#305; -- Ek 1: Olympos Kent Plan&#305;.</subfield>
</datafield>
<datafield tag="520" ind1=" " ind2=" ">
<subfield code="a">"Bu kitapta, 2000 ve 2014 y&#305;llar&#305; aras&#305;nda ger&#231;ekle&#351;tirilen &#231;al&#305;&#351;malara dair ilk sonu&#231;lar&#305;n bilim d&#252;nyas&#305;yla payla&#351;&#305;lmas&#305; hedeflenmi&#351;tir. Bununla birlikte alana y&#246;nelik yap&#305;lan &#231;al&#305;&#351;ma program&#305;na ba&#287;l&#305; olarak elde edilen bulgular hem k&#252;lt&#252;rel hem de tarihsel de&#287;er a&#231;&#305;s&#305;ndan de&#287;erlendirilerek her biri farkl&#305; bir makale &#351;eklinde sunulmu&#351;tur. Buradaki &#246;ncelikli ama&#231;, Olympos'u kent b&#252;t&#252;n&#252;nde ele al&#305;rken gerek mimari gerekse kaz&#305; bulgusu olan mimari plastik, resim, yaz&#305;t ve k&#252;&#231;&#252;k buluntular&#305;n de&#287;erlendirilmesi ve sonu&#231;lar&#305;n payla&#351;&#305;lmas&#305;d&#305;r. Ba&#351;lang&#305;&#231;tan itibaren alana olan b&#252;t&#252;nc&#252;l yakla&#351;&#305;m&#305;m&#305;z gere&#287;i arkeolojik de&#287;erlendirmelere, kentin yer ald&#305;&#287;&#305; do&#287;al &#231;evrenin tan&#305;mlanmas&#305; da eklenmi&#351;tir. Yap&#305;lan t&#252;m &#231;al&#305;&#351;malar&#305;n, Olympos'un g&#252;n&#252;m&#252;zde sahip oldu&#287;u unsurlarla nas&#305;l bir birliktelik olu&#351;turmas&#305; gerekti&#287;i konusu da ayr&#305;ca aktar&#305;lm&#305;&#351;t&#305;r. Antik kentlerin arkeolojik &#231;al&#305;&#351;malar&#305;n yan&#305; s&#305;ra tarih, k&#252;lt&#252;r ve &#231;evre b&#252;t&#252;n&#252;nde de&#287;erlendirilmesi gerekti&#287;i vurgusunun yap&#305;lmas&#305; &#246;zellikle ama&#231;lanm&#305;&#351;t&#305;r. Olympos Kaz&#305;s&#305; ile ilgili yap&#305;lan yay&#305;nlar ise kitab&#305;n sonunda ayr&#305; bir kaynak&#231;a olarak payla&#351;&#305;lm&#305;&#351;t&#305;r. Bu kaynak&#231;ada Olympos ile ilgili, kaz&#305; ekibinin g&#252;n&#252;m&#252;ze kadar ger&#231;ekle&#351;tirdi&#287;i kitap, makale, bildiri ve tezler yer almaktad&#305;r. "--Prof. Dr. B. Yelda OLCAY U&#199;KAN</subfield>
<subfield code="c">http://www.zerobooksonline.com/tr/urun/olympos-i-2000-2014-arastirma-sonuclari_11_41232.html?r=10#sthash.pOl80Uiz.dpbs (viewed April 18, 2018).</subfield>
</datafield>
<datafield tag="546" ind1=" " ind2=" ">
<subfield code="a">Texts in Turkish, with preface, introduction and summaries in English.</subfield>
</datafield>
<datafield tag="650" ind1=" " ind2="0">
<subfield code="a">Excavations (Archaeology)</subfield>
<subfield code="z">Turkey</subfield>
<subfield code="z">Olympos (Extinct city)</subfield>
</datafield>
<datafield tag="651" ind1=" " ind2="0">
<subfield code="a">Olympos (Turkey : Extinct city)</subfield>
</datafield>
<datafield tag="651" ind1=" " ind2="7">
<subfield code="a">Olympus/Hadrianopolis.</subfield>
<subfield code="2">pleiades</subfield>
<subfield code="0">https://pleiades.stoa.org/places/639017</subfield>
</datafield>
<datafield tag="700" ind1="1" ind2=" ">
<subfield code="a">Olcay U&#231;kan, B. Yelda,</subfield>
<subfield code="e">author.</subfield>
</datafield>
<datafield tag="710" ind1="2" ind2=" ">
<subfield code="a">Ko&#231; &#220;niversitesi,</subfield>
<subfield code="e">issuing body.</subfield>
</datafield>
<datafield tag="710" ind1="2" ind2=" ">
<subfield code="a">Suna &amp; &#304;nan K&#305;ra&#231; Akdeniz Medeniyetleri Ara&#351;t&#305;rma Enstit&#252;s&#252;,</subfield>
<subfield code="e">issuing body.</subfield>
</datafield>
<datafield tag="752" ind1=" " ind2=" ">
<subfield code="a">Turkey</subfield>
<subfield code="d">Antalya.</subfield>
</datafield>
<datafield tag="752" ind1=" " ind2=" ">
<subfield code="a">Turkey</subfield>
<subfield code="d">Istanbul.</subfield>
</datafield>
<datafield tag="830" ind1=" " ind2="0">
<subfield code="a">Akmed series in Mediterranean studies ;</subfield>
<subfield code="v">2.</subfield>
</datafield>
<datafield tag="OWN" ind1=" " ind2=" ">
<subfield code="a">GENERAL</subfield>
</datafield>
<datafield tag="AVA" ind1=" " ind2=" ">
<subfield code="a">NYU50</subfield>
<subfield code="b">NISAW</subfield>
<subfield code="c">Large Collection</subfield>
<subfield code="d">DS156.O49 O492 2017 Non-circulating</subfield>
<subfield code="e">available</subfield>
<subfield code="t">Available</subfield>
<subfield code="f">1</subfield>
<subfield code="g">0</subfield>
<subfield code="h">N</subfield>
<subfield code="i">0</subfield>
<subfield code="j">LARGE</subfield>
<subfield code="k">0</subfield>
</datafield>
</record>