<record xmlns="http://www.loc.gov/MARC21/slim" xmlns:xsi="http://www.w3.org/2001/XMLSchema-instance" xsi:schemaLocation="http://www.loc.gov/MARC21/slim http://www.loc.gov/standards/marcxml/schema/MARC21slim.xsd">
<leader>00000cam a22      i 4500</leader>
<controlfield tag="FMT">BK</controlfield>
<controlfield tag="LDR">00000cam a22      i 4500</controlfield>
<controlfield tag="001">006055828</controlfield>
<controlfield tag="005">20180418155012.0</controlfield>
<controlfield tag="008">180409s2016    it abf   b    001 0 eng d</controlfield>
<datafield tag="010" ind1=" " ind2=" ">
<subfield code="a">  2016473494</subfield>
</datafield>
<datafield tag="020" ind1=" " ind2=" ">
<subfield code="a">9788891311108</subfield>
</datafield>
<datafield tag="020" ind1=" " ind2=" ">
<subfield code="a">8891311103</subfield>
</datafield>
<datafield tag="035" ind1=" " ind2=" ">
<subfield code="a">(OCoLC)958875296</subfield>
</datafield>
<datafield tag="040" ind1=" " ind2=" ">
<subfield code="a">C3L</subfield>
<subfield code="b">eng</subfield>
<subfield code="e">rda</subfield>
<subfield code="c">DLC</subfield>
<subfield code="d">C3L</subfield>
<subfield code="d">BTCTA</subfield>
<subfield code="d">YDX</subfield>
<subfield code="d">EWF</subfield>
<subfield code="d">OCLCF</subfield>
<subfield code="d">OCLCO</subfield>
<subfield code="d">OCLCQ</subfield>
<subfield code="d">GBVCP</subfield>
<subfield code="d">OCLCO</subfield>
<subfield code="d">ZCU</subfield>
<subfield code="d">ZYU</subfield>
</datafield>
<datafield tag="042" ind1=" " ind2=" ">
<subfield code="a">lccopycat</subfield>
</datafield>
<datafield tag="043" ind1=" " ind2=" ">
<subfield code="a">a-mk---</subfield>
<subfield code="a">a-ye---</subfield>
</datafield>
<datafield tag="045" ind1="2" ind2=" ">
<subfield code="a">d2g-</subfield>
</datafield>
<datafield tag="050" ind1="0" ind2="0">
<subfield code="a">DS247.A145</subfield>
<subfield code="b">A93 2016</subfield>
</datafield>
<datafield tag="082" ind1="1" ind2="4">
<subfield code="a">939</subfield>
<subfield code="2">14</subfield>
</datafield>
<datafield tag="100" ind1="1" ind2=" ">
<subfield code="a">Avanzini, Alessandra,</subfield>
<subfield code="d">1947-</subfield>
<subfield code="e">author.</subfield>
</datafield>
<datafield tag="245" ind1="1" ind2="0">
<subfield code="a">By land and by sea :</subfield>
<subfield code="b">a history of South Arabia before Islam recounted from inscriptions /</subfield>
<subfield code="c">Alessandra Avanzini.</subfield>
</datafield>
<datafield tag="264" ind1=" " ind2="1">
<subfield code="a">Roma :</subfield>
<subfield code="b">"L'Erma" di Bretschneider,</subfield>
<subfield code="c">[2016]</subfield>
</datafield>
<datafield tag="300" ind1=" " ind2=" ">
<subfield code="a">375 pages, 3 unnumbered folded pages of plates :</subfield>
<subfield code="b">illustrations, maps ;</subfield>
<subfield code="c">21 cm.</subfield>
</datafield>
<datafield tag="336" ind1=" " ind2=" ">
<subfield code="a">text</subfield>
<subfield code="b">txt</subfield>
<subfield code="2">rdacontent</subfield>
</datafield>
<datafield tag="337" ind1=" " ind2=" ">
<subfield code="a">unmediated</subfield>
<subfield code="b">n</subfield>
<subfield code="2">rdamedia</subfield>
</datafield>
<datafield tag="338" ind1=" " ind2=" ">
<subfield code="a">volume</subfield>
<subfield code="b">nc</subfield>
<subfield code="2">rdacarrier</subfield>
</datafield>
<datafield tag="490" ind1="1" ind2=" ">
<subfield code="a">Arabia antica ;</subfield>
<subfield code="v">10</subfield>
</datafield>
<datafield tag="490" ind1="0" ind2=" ">
<subfield code="a">Philological studies</subfield>
</datafield>
<datafield tag="504" ind1=" " ind2=" ">
<subfield code="a">Includes bibliographical references (pages 305-343) and index.</subfield>
</datafield>
<datafield tag="651" ind1=" " ind2="0">
<subfield code="a">Arabia, Southern</subfield>
<subfield code="x">Antiquities.</subfield>
</datafield>
<datafield tag="651" ind1=" " ind2="0">
<subfield code="a">Arabia, Southern</subfield>
<subfield code="x">History.</subfield>
</datafield>
<datafield tag="650" ind1=" " ind2="0">
<subfield code="a">Inscriptions</subfield>
<subfield code="z">Arabia, Southern.</subfield>
</datafield>
<datafield tag="651" ind1=" " ind2="7">
<subfield code="a">Arabia Eudaemon.</subfield>
<subfield code="2">pleiades</subfield>
<subfield code="0">https://pleiades.stoa.org/places/746710</subfield>
</datafield>
<datafield tag="650" ind1=" " ind2="0">
<subfield code="a">Excavations (Archaeology)</subfield>
<subfield code="z">Arabia, Southern.</subfield>
</datafield>
<datafield tag="650" ind1=" " ind2="7">
<subfield code="a">Antiquities.</subfield>
<subfield code="2">fast</subfield>
<subfield code="0">(OCoLC)fst00810745</subfield>
</datafield>
<datafield tag="650" ind1=" " ind2="7">
<subfield code="a">Excavations (Archaeology)</subfield>
<subfield code="2">fast</subfield>
<subfield code="0">(OCoLC)fst00917564</subfield>
</datafield>
<datafield tag="650" ind1=" " ind2="7">
<subfield code="a">Inscriptions.</subfield>
<subfield code="2">fast</subfield>
<subfield code="0">(OCoLC)fst00973837</subfield>
</datafield>
<datafield tag="651" ind1=" " ind2="7">
<subfield code="a">Arabia, Southern.</subfield>
<subfield code="2">fast</subfield>
<subfield code="0">(OCoLC)fst01692642</subfield>
</datafield>
<datafield tag="650" ind1=" " ind2="7">
<subfield code="a">Altertum.</subfield>
<subfield code="2">gnd</subfield>
<subfield code="0">(DE-588)4001480-0</subfield>
</datafield>
<datafield tag="650" ind1=" " ind2="7">
<subfield code="a">Inschrift.</subfield>
<subfield code="2">gnd</subfield>
<subfield code="0">(DE-588)4027107-9</subfield>
</datafield>
<datafield tag="651" ind1=" " ind2="7">
<subfield code="a">Arabien</subfield>
<subfield code="z">S&#252;d.</subfield>
<subfield code="2">gnd</subfield>
<subfield code="0">(DE-588)4274705-3</subfield>
</datafield>
<datafield tag="655" ind1=" " ind2="7">
<subfield code="a">History.</subfield>
<subfield code="2">fast</subfield>
<subfield code="0">(OCoLC)fst01411628</subfield>
</datafield>
<datafield tag="830" ind1=" " ind2="0">
<subfield code="a">Arabia antica ;</subfield>
<subfield code="v">10.</subfield>
</datafield>
<datafield tag="856" ind1="4" ind2="1">
<subfield code="3">Table of contents</subfield>
<subfield code="u">http://catdir.loc.gov/catdir/toc/casalini16/3154440.pdf</subfield>
</datafield>
<datafield tag="OWN" ind1=" " ind2=" ">
<subfield code="a">GENERAL</subfield>
</datafield>
<datafield tag="AVA" ind1=" " ind2=" ">
<subfield code="a">NYU50</subfield>
<subfield code="b">NISAW</subfield>
<subfield code="c">Small Collection</subfield>
<subfield code="d">DS247.A145 A93 2016 Non-circulating</subfield>
<subfield code="e">available</subfield>
<subfield code="t">Available</subfield>
<subfield code="f">1</subfield>
<subfield code="g">0</subfield>
<subfield code="h">N</subfield>
<subfield code="i">0</subfield>
<subfield code="j">SMALL</subfield>
<subfield code="k">0</subfield>
</datafield>
</record>