<record xmlns="http://www.loc.gov/MARC21/slim" xmlns:xsi="http://www.w3.org/2001/XMLSchema-instance" xsi:schemaLocation="http://www.loc.gov/MARC21/slim http://www.loc.gov/standards/marcxml/schema/MARC21slim.xsd">
<leader>00000cam a22      i 4500</leader>
<controlfield tag="FMT">BK</controlfield>
<controlfield tag="LDR">00000cam a22      i 4500</controlfield>
<controlfield tag="001">006058373</controlfield>
<controlfield tag="005">20180416122639.0</controlfield>
<controlfield tag="008">180416s1872    fr            000 0 fre d</controlfield>
<datafield tag="035" ind1=" " ind2=" ">
<subfield code="a">(OCoLC)1002340846</subfield>
<subfield code="z">(OCoLC)26394552</subfield>
<subfield code="z">(OCoLC)220371295</subfield>
</datafield>
<datafield tag="040" ind1=" " ind2=" ">
<subfield code="a">BCLCN</subfield>
<subfield code="b">eng</subfield>
<subfield code="c">BCLCN</subfield>
<subfield code="d">OCLCF</subfield>
<subfield code="d">OCLCQ</subfield>
<subfield code="d">CUY</subfield>
<subfield code="d">AU@</subfield>
<subfield code="d">OCLCO</subfield>
<subfield code="d">NNU</subfield>
</datafield>
<datafield tag="043" ind1=" " ind2=" ">
<subfield code="a">as-----</subfield>
<subfield code="a">a-th---</subfield>
<subfield code="a">a-cb---</subfield>
<subfield code="a">a-ls</subfield>
<subfield code="a">ai-----</subfield>
<subfield code="a">a-ls---</subfield>
</datafield>
<datafield tag="050" ind1=" " ind2="4">
<subfield code="a">DS524</subfield>
<subfield code="b">.M72 1872</subfield>
</datafield>
<datafield tag="082" ind1="0" ind2="4">
<subfield code="a">929.04</subfield>
<subfield code="2">19</subfield>
</datafield>
<datafield tag="100" ind1="1" ind2=" ">
<subfield code="a">Mouhot, Henri,</subfield>
<subfield code="d">1826-1861.</subfield>
</datafield>
<datafield tag="245" ind1="1" ind2="0">
<subfield code="a">Voyage dans les royaumes de Siam, de Cambodge, de Laos, et autres parties centrales de l'Indo-Chine :</subfield>
<subfield code="b">relation extraite du journal et de la correspondance de l'auteur /</subfield>
<subfield code="c">par Ferdinand de Lahoye.</subfield>
</datafield>
<datafield tag="260" ind1=" " ind2=" ">
<subfield code="a">Paris :</subfield>
<subfield code="b">Librairie Hachette,</subfield>
<subfield code="c">1872.</subfield>
</datafield>
<datafield tag="300" ind1=" " ind2=" ">
<subfield code="a">viii, 335 pages;</subfield>
<subfield code="c">18 cm</subfield>
</datafield>
<datafield tag="336" ind1=" " ind2=" ">
<subfield code="a">text</subfield>
<subfield code="b">txt</subfield>
<subfield code="2">rdacontent</subfield>
</datafield>
<datafield tag="337" ind1=" " ind2=" ">
<subfield code="a">unmediated</subfield>
<subfield code="b">n</subfield>
<subfield code="2">rdamedia</subfield>
</datafield>
<datafield tag="338" ind1=" " ind2=" ">
<subfield code="a">volume</subfield>
<subfield code="b">nc</subfield>
<subfield code="2">rdacarrier</subfield>
</datafield>
<datafield tag="500" ind1=" " ind2=" ">
<subfield code="a">ISAW copy is from the library of Susan L. Beningson.</subfield>
<subfield code="5">NyNyUAW</subfield>
</datafield>
<datafield tag="651" ind1=" " ind2="0">
<subfield code="a">Southeast Asia</subfield>
<subfield code="x">Description and travel.</subfield>
</datafield>
<datafield tag="651" ind1=" " ind2="0">
<subfield code="a">Thailand</subfield>
<subfield code="x">Description and travel.</subfield>
</datafield>
<datafield tag="651" ind1=" " ind2="0">
<subfield code="a">Cambodia</subfield>
<subfield code="x">Description and travel.</subfield>
</datafield>
<datafield tag="651" ind1=" " ind2="0">
<subfield code="a">Laos</subfield>
<subfield code="x">Description and travel.</subfield>
</datafield>
<datafield tag="650" ind1=" " ind2="0">
<subfield code="a">Natural history</subfield>
<subfield code="z">Indochina.</subfield>
</datafield>
<datafield tag="650" ind1=" " ind2="0">
<subfield code="a">Khmer language.</subfield>
</datafield>
<datafield tag="651" ind1=" " ind2="0">
<subfield code="a">Indochina</subfield>
<subfield code="x">Description and travel.</subfield>
</datafield>
<datafield tag="650" ind1=" " ind2="7">
<subfield code="a">Travel.</subfield>
<subfield code="2">fast</subfield>
<subfield code="0">(OCoLC)fst01155558</subfield>
</datafield>
<datafield tag="651" ind1=" " ind2="7">
<subfield code="a">Cambodia.</subfield>
<subfield code="2">fast</subfield>
<subfield code="0">(OCoLC)fst01207659</subfield>
</datafield>
<datafield tag="651" ind1=" " ind2="7">
<subfield code="a">Laos.</subfield>
<subfield code="2">fast</subfield>
<subfield code="0">(OCoLC)fst01210322</subfield>
</datafield>
<datafield tag="651" ind1=" " ind2="7">
<subfield code="a">Southeast Asia.</subfield>
<subfield code="2">fast</subfield>
<subfield code="0">(OCoLC)fst01240499</subfield>
</datafield>
<datafield tag="651" ind1=" " ind2="7">
<subfield code="a">Thailand.</subfield>
<subfield code="2">fast</subfield>
<subfield code="0">(OCoLC)fst01205310</subfield>
</datafield>
<datafield tag="700" ind1="1" ind2=" ">
<subfield code="a">Lahoye, Ferdinand de.</subfield>
</datafield>
<datafield tag="700" ind1="1" ind2=" ">
<subfield code="a">Beningson, Susan L.,</subfield>
<subfield code="e">former owner.</subfield>
<subfield code="5">NyNyUAW</subfield>
</datafield>
<datafield tag="740" ind1="0" ind2=" ">
<subfield code="a">Beningson Collection.</subfield>
<subfield code="5">NyNyUAW</subfield>
</datafield>
<datafield tag="776" ind1="0" ind2="8">
<subfield code="i">Online version:</subfield>
<subfield code="a">Mouhot, Henri, 1826-1861.</subfield>
<subfield code="t">Voyage dans les royaumes de Siam, de Cambodge.</subfield>
<subfield code="d">Paris, Hachette, 1872</subfield>
<subfield code="w">(OCoLC)613082851</subfield>
</datafield>
<datafield tag="OWN" ind1=" " ind2=" ">
<subfield code="a">GENERAL</subfield>
</datafield>
<datafield tag="AVA" ind1=" " ind2=" ">
<subfield code="a">NYU50</subfield>
<subfield code="b">NISAW</subfield>
<subfield code="c">Small Collection</subfield>
<subfield code="d">DS524 .M72 1872 Non-circulating</subfield>
<subfield code="e">available</subfield>
<subfield code="t">Available</subfield>
<subfield code="f">1</subfield>
<subfield code="g">0</subfield>
<subfield code="h">N</subfield>
<subfield code="i">0</subfield>
<subfield code="j">SMALL</subfield>
<subfield code="k">0</subfield>
</datafield>
</record>