<record xmlns="http://www.loc.gov/MARC21/slim" xmlns:xsi="http://www.w3.org/2001/XMLSchema-instance" xsi:schemaLocation="http://www.loc.gov/MARC21/slim http://www.loc.gov/standards/marcxml/schema/MARC21slim.xsd">
<leader>00000cam a22      i 4500</leader>
<controlfield tag="FMT">BK</controlfield>
<controlfield tag="LDR">00000cam a22      i 4500</controlfield>
<controlfield tag="001">006060996</controlfield>
<controlfield tag="005">20180430102148.0</controlfield>
<controlfield tag="008">180424s2016    cc abf   b    000 0 chi c</controlfield>
<datafield tag="010" ind1=" " ind2=" ">
<subfield code="a">  2017414605</subfield>
</datafield>
<datafield tag="020" ind1=" " ind2=" ">
<subfield code="a">9787030498205</subfield>
</datafield>
<datafield tag="020" ind1=" " ind2=" ">
<subfield code="a">7030498208</subfield>
</datafield>
<datafield tag="035" ind1=" " ind2=" ">
<subfield code="a">(OCoLC)960717143</subfield>
</datafield>
<datafield tag="040" ind1=" " ind2=" ">
<subfield code="a">BCBTC</subfield>
<subfield code="b">eng</subfield>
<subfield code="e">rda</subfield>
<subfield code="c">BCBTC</subfield>
<subfield code="d">OBE</subfield>
<subfield code="d">IUL</subfield>
<subfield code="d">OCLCF</subfield>
<subfield code="d">OCLCA</subfield>
<subfield code="d">ZCU</subfield>
<subfield code="d">DLC</subfield>
<subfield code="d">OCLCQ</subfield>
<subfield code="d">NNU</subfield>
</datafield>
<datafield tag="042" ind1=" " ind2=" ">
<subfield code="a">pcc</subfield>
</datafield>
<datafield tag="043" ind1=" " ind2=" ">
<subfield code="a">a-cc-ss</subfield>
</datafield>
<datafield tag="050" ind1=" " ind2="4">
<subfield code="a">DS747.9.Q254</subfield>
<subfield code="b">Z4365 2016</subfield>
</datafield>
<datafield tag="100" ind1="1" ind2=" ">
<subfield code="6">880-01</subfield>
<subfield code="a">Zhang, Weixing,</subfield>
<subfield code="d">1970-</subfield>
<subfield code="e">author.</subfield>
</datafield>
<datafield tag="245" ind1="1" ind2="0">
<subfield code="6">880-02</subfield>
<subfield code="a">Li yi yu zhi xu :</subfield>
<subfield code="b">Qin shi huang di ling yan jiu = Ritual and order : research on the mausoleum of the first Qin emperor /</subfield>
<subfield code="c">Zhang weixing zhu.</subfield>
</datafield>
<datafield tag="246" ind1="3" ind2="0">
<subfield code="6">880-03</subfield>
<subfield code="a">Qin shi huang di ling yan jiu</subfield>
</datafield>
<datafield tag="246" ind1="3" ind2="1">
<subfield code="a">Ritual and order :</subfield>
<subfield code="b">research on the mausoleum of the first Qin emperor</subfield>
</datafield>
<datafield tag="250" ind1=" " ind2=" ">
<subfield code="6">880-04</subfield>
<subfield code="a">Di 1 ban.</subfield>
</datafield>
<datafield tag="264" ind1=" " ind2="1">
<subfield code="6">880-05</subfield>
<subfield code="a">Beijing :</subfield>
<subfield code="b">Ke xue chu ban she,</subfield>
<subfield code="c">2016.</subfield>
</datafield>
<datafield tag="300" ind1=" " ind2=" ">
<subfield code="a">xx, 433 pages, 12 unnumbered pages of plates :</subfield>
<subfield code="b">illustrations (some color), 2 folded maps ;</subfield>
<subfield code="c">24 cm</subfield>
</datafield>
<datafield tag="336" ind1=" " ind2=" ">
<subfield code="a">text</subfield>
<subfield code="b">txt</subfield>
<subfield code="2">rdacontent</subfield>
</datafield>
<datafield tag="337" ind1=" " ind2=" ">
<subfield code="a">unmediated</subfield>
<subfield code="b">n</subfield>
<subfield code="2">rdamedia</subfield>
</datafield>
<datafield tag="338" ind1=" " ind2=" ">
<subfield code="a">volume</subfield>
<subfield code="b">nc</subfield>
<subfield code="2">rdacarrier</subfield>
</datafield>
<datafield tag="500" ind1=" " ind2=" ">
<subfield code="6">880-06</subfield>
<subfield code="a">"Guo jia she ke ji jin hou qi zi zhu xiang mu."</subfield>
</datafield>
<datafield tag="504" ind1=" " ind2=" ">
<subfield code="a">Includes bibliographical references (pages 420-431).</subfield>
</datafield>
<datafield tag="600" ind1="0" ind2="0">
<subfield code="6">880-07</subfield>
<subfield code="a">Qin shi huang,</subfield>
<subfield code="c">Emperor of China,</subfield>
<subfield code="d">259 B.C.-210 B.C.</subfield>
<subfield code="x">Tomb.</subfield>
</datafield>
<datafield tag="610" ind1="2" ind2="0">
<subfield code="a">Qin shi huang di ling bo wu yuan (Xi'an Shi, China)</subfield>
</datafield>
<datafield tag="600" ind1="0" ind2="7">
<subfield code="a">Qin shi huang,</subfield>
<subfield code="c">Emperor of China,</subfield>
<subfield code="d">259 B.C.-210 B.C.</subfield>
<subfield code="2">fast</subfield>
<subfield code="0">(OCoLC)fst01842701</subfield>
</datafield>
<datafield tag="600" ind1="0" ind2="4">
<subfield code="6">880-08</subfield>
<subfield code="a">Qin shi huang,</subfield>
<subfield code="c">Emperor of China,</subfield>
<subfield code="d">259 B.C.-210 B.C.</subfield>
<subfield code="x">Tomb.</subfield>
</datafield>
<datafield tag="650" ind1=" " ind2="0">
<subfield code="a">Excavations (Archaeology)</subfield>
<subfield code="z">China</subfield>
<subfield code="z">Shaanxi Sheng.</subfield>
</datafield>
<datafield tag="650" ind1=" " ind2="7">
<subfield code="a">Excavations (Archaeology)</subfield>
<subfield code="2">fast</subfield>
<subfield code="0">(OCoLC)fst00917564</subfield>
</datafield>
<datafield tag="650" ind1=" " ind2="7">
<subfield code="a">Tombs.</subfield>
<subfield code="2">fast</subfield>
<subfield code="0">(OCoLC)fst01152439</subfield>
</datafield>
<datafield tag="651" ind1=" " ind2="7">
<subfield code="a">China</subfield>
<subfield code="z">Shaanxi Sheng.</subfield>
<subfield code="2">fast</subfield>
<subfield code="0">(OCoLC)fst01211421</subfield>
</datafield>
<datafield tag="880" ind1="1" ind2=" ">
<subfield code="6">100-01/</subfield>
<subfield code="a">&#24352;&#21355;&#26143;,</subfield>
<subfield code="d">1970-</subfield>
<subfield code="e">author.</subfield>
</datafield>
<datafield tag="880" ind1="1" ind2="0">
<subfield code="6">245-02/</subfield>
<subfield code="a">&#31036;&#20202;&#19982;&#31209;&#24207; :</subfield>
<subfield code="b">&#31206;&#22987;&#30343;&#24093;&#38517;&#30740;&#31350; = Ritual and order : research on the mausoleum of the first Qin emperor /</subfield>
<subfield code="c">&#24352;&#21355;&#26143;&#33879;.</subfield>
</datafield>
<datafield tag="880" ind1="3" ind2="0">
<subfield code="6">246-03/</subfield>
<subfield code="a">&#31206;&#22987;&#30343;&#24093;&#38517;&#30740;&#31350;</subfield>
</datafield>
<datafield tag="880" ind1=" " ind2=" ">
<subfield code="6">250-04/</subfield>
<subfield code="a">&#31532;1&#29256;.</subfield>
</datafield>
<datafield tag="880" ind1=" " ind2="1">
<subfield code="6">264-05/</subfield>
<subfield code="a">&#21271;&#20140; :</subfield>
<subfield code="b">&#31185;&#23398;&#20986;&#29256;&#31038;,</subfield>
<subfield code="c">2016.</subfield>
</datafield>
<datafield tag="880" ind1=" " ind2=" ">
<subfield code="6">500-06/</subfield>
<subfield code="a">"&#22269;&#23478;&#31038;&#31185;&#22522;&#37329;&#21518;&#26399;&#36164;&#21161;&#39033;&#30446;."</subfield>
</datafield>
<datafield tag="880" ind1="0" ind2="4">
<subfield code="6">600-07/</subfield>
<subfield code="a">&#31206;&#22987;&#30343;,</subfield>
<subfield code="c">Emperor of China,</subfield>
<subfield code="d">259 B.C.-210 B.C.</subfield>
<subfield code="x">Tomb.</subfield>
</datafield>
<datafield tag="880" ind1="0" ind2="4">
<subfield code="6">600-08/</subfield>
<subfield code="a">&#31206;&#22987;&#30343;,</subfield>
<subfield code="c">Emperor of China,</subfield>
<subfield code="d">259 B.C.-210 B.C.</subfield>
<subfield code="x">Tomb.</subfield>
</datafield>
<datafield tag="OWN" ind1=" " ind2=" ">
<subfield code="a">GENERAL</subfield>
</datafield>
<datafield tag="AVA" ind1=" " ind2=" ">
<subfield code="a">NYU50</subfield>
<subfield code="b">NISAW</subfield>
<subfield code="c">Small Collection</subfield>
<subfield code="d">DS747.9.Q254 Z4365 2016 Non-circulating</subfield>
<subfield code="e">available</subfield>
<subfield code="t">Available</subfield>
<subfield code="f">1</subfield>
<subfield code="g">0</subfield>
<subfield code="h">N</subfield>
<subfield code="i">0</subfield>
<subfield code="j">SMALL</subfield>
<subfield code="k">0</subfield>
</datafield>
</record>