<record xmlns="http://www.loc.gov/MARC21/slim" xmlns:xsi="http://www.w3.org/2001/XMLSchema-instance" xsi:schemaLocation="http://www.loc.gov/MARC21/slim http://www.loc.gov/standards/marcxml/schema/MARC21slim.xsd">
<leader>00000cam a22     Ii 4500</leader>
<controlfield tag="FMT">BK</controlfield>
<controlfield tag="LDR">00000cam a22     Ii 4500</controlfield>
<controlfield tag="001">006060968</controlfield>
<controlfield tag="005">20180424093807.0</controlfield>
<controlfield tag="008">180424s2015    cc a     bc   100 0 chi d</controlfield>
<datafield tag="020" ind1=" " ind2=" ">
<subfield code="a">9787030446084</subfield>
</datafield>
<datafield tag="020" ind1=" " ind2=" ">
<subfield code="a">7030446089</subfield>
</datafield>
<datafield tag="035" ind1=" " ind2=" ">
<subfield code="a">(OCoLC)918767770</subfield>
</datafield>
<datafield tag="040" ind1=" " ind2=" ">
<subfield code="a">BCBTC</subfield>
<subfield code="b">eng</subfield>
<subfield code="e">rda</subfield>
<subfield code="c">BCBTC</subfield>
<subfield code="d">OCLCO</subfield>
<subfield code="d">HUA</subfield>
<subfield code="d">OCLCF</subfield>
<subfield code="d">COO</subfield>
<subfield code="d">OCLCQ</subfield>
<subfield code="d">ZYU</subfield>
</datafield>
<datafield tag="041" ind1="0" ind2=" ">
<subfield code="a">chi</subfield>
<subfield code="a">ita</subfield>
</datafield>
<datafield tag="043" ind1=" " ind2=" ">
<subfield code="a">a-cc-ho</subfield>
</datafield>
<datafield tag="050" ind1=" " ind2="4">
<subfield code="a">DS793.H5</subfield>
<subfield code="b">T48 2015</subfield>
</datafield>
<datafield tag="111" ind1="2" ind2=" ">
<subfield code="a">Tesori della Cina Imperiale: L'Et&#224; della Rinascita fra gli Han e i Tang (206 a.C.-907 d.C.)</subfield>
<subfield code="d">(2015-2016 :</subfield>
<subfield code="c">Palazzo Venezia)</subfield>
</datafield>
<datafield tag="245" ind1="1" ind2="0">
<subfield code="6">880-01</subfield>
<subfield code="a">Han Tang Zhong yuan :</subfield>
<subfield code="b">Henan wen wu jing pin zhan /</subfield>
<subfield code="c">Henan bo wu yuan bian zhu = Tesori della Cina Imperiale : L'Et&#224; della Rinascita fra gli Han e i Tang (206 a.C.-907 d.C.) / A cura del Museo Provinciale dello Henan.</subfield>
</datafield>
<datafield tag="246" ind1="3" ind2="0">
<subfield code="6">880-02</subfield>
<subfield code="a">Henan wen wu jing pin zhan</subfield>
</datafield>
<datafield tag="246" ind1="3" ind2="1">
<subfield code="a">Tesori della Cina Imperiale :</subfield>
<subfield code="b">L'Et&#224; della Rinascita fra gli Han e i Tang (206 a.C.-907 d.C.)</subfield>
</datafield>
<datafield tag="250" ind1=" " ind2=" ">
<subfield code="6">880-03</subfield>
<subfield code="a">Di 1 ban.</subfield>
</datafield>
<datafield tag="264" ind1=" " ind2="1">
<subfield code="6">880-04</subfield>
<subfield code="a">Beijing :</subfield>
<subfield code="b">Ke xue chu ban she,</subfield>
<subfield code="c">2015.</subfield>
</datafield>
<datafield tag="300" ind1=" " ind2=" ">
<subfield code="a">236 pages :</subfield>
<subfield code="b">chiefly color illustrations ;</subfield>
<subfield code="c">29 cm.</subfield>
</datafield>
<datafield tag="336" ind1=" " ind2=" ">
<subfield code="a">still image</subfield>
<subfield code="b">sti</subfield>
<subfield code="2">rdacontent</subfield>
</datafield>
<datafield tag="336" ind1=" " ind2=" ">
<subfield code="a">text</subfield>
<subfield code="b">txt</subfield>
<subfield code="2">rdacontent</subfield>
</datafield>
<datafield tag="337" ind1=" " ind2=" ">
<subfield code="a">unmediated</subfield>
<subfield code="b">n</subfield>
<subfield code="2">rdamedia</subfield>
</datafield>
<datafield tag="338" ind1=" " ind2=" ">
<subfield code="a">volume</subfield>
<subfield code="b">nc</subfield>
<subfield code="2">rdacarrier</subfield>
</datafield>
<datafield tag="490" ind1="0" ind2=" ">
<subfield code="6">880-05</subfield>
<subfield code="a">Zhonghua wen ming xi lie =</subfield>
<subfield code="a">Terza Mostra sulla Civilt&#224; Cinese ;</subfield>
<subfield code="v">III</subfield>
</datafield>
<datafield tag="500" ind1=" " ind2=" ">
<subfield code="a">Exhibition held July 16, 2015-February 28, 2016 in Palazzo Venezia, Italy.</subfield>
</datafield>
<datafield tag="504" ind1=" " ind2=" ">
<subfield code="a">Includes bibliographical references.</subfield>
</datafield>
<datafield tag="546" ind1=" " ind2=" ">
<subfield code="a">Text in Chinese and Italian.</subfield>
</datafield>
<datafield tag="520" ind1=" " ind2=" ">
<subfield code="6">880-06</subfield>
<subfield code="a">Summary in Chinese field only.</subfield>
</datafield>
<datafield tag="651" ind1=" " ind2="0">
<subfield code="6">880-07</subfield>
<subfield code="a">Henan Sheng (China)</subfield>
<subfield code="x">Antiquities</subfield>
<subfield code="v">Exhibitions.</subfield>
</datafield>
<datafield tag="651" ind1=" " ind2="0">
<subfield code="6">880-08</subfield>
<subfield code="a">Henan Sheng (China)</subfield>
<subfield code="x">History</subfield>
<subfield code="v">Exhibitions.</subfield>
</datafield>
<datafield tag="650" ind1=" " ind2="7">
<subfield code="a">Antiquities.</subfield>
<subfield code="2">fast</subfield>
<subfield code="0">(OCoLC)fst00810745</subfield>
</datafield>
<datafield tag="651" ind1=" " ind2="7">
<subfield code="a">China</subfield>
<subfield code="z">Henan Sheng.</subfield>
<subfield code="2">fast</subfield>
<subfield code="0">(OCoLC)fst01212204</subfield>
</datafield>
<datafield tag="651" ind1=" " ind2="4">
<subfield code="6">880-09</subfield>
<subfield code="a">Henan Sheng (China)</subfield>
<subfield code="x">Antiquities</subfield>
<subfield code="v">Exhibitions.</subfield>
</datafield>
<datafield tag="651" ind1=" " ind2="4">
<subfield code="6">880-10</subfield>
<subfield code="a">Henan Sheng (China)</subfield>
<subfield code="x">History</subfield>
<subfield code="v">Exhibitions.</subfield>
</datafield>
<datafield tag="655" ind1=" " ind2="7">
<subfield code="a">Exhibition catalogs.</subfield>
<subfield code="2">fast</subfield>
<subfield code="0">(OCoLC)fst01424028</subfield>
</datafield>
<datafield tag="655" ind1=" " ind2="7">
<subfield code="a">History.</subfield>
<subfield code="2">fast</subfield>
<subfield code="0">(OCoLC)fst01411628</subfield>
</datafield>
<datafield tag="710" ind1="2" ind2=" ">
<subfield code="6">880-11</subfield>
<subfield code="a">Henan bo wu yuan,</subfield>
<subfield code="e">editor.</subfield>
</datafield>
<datafield tag="710" ind1="2" ind2=" ">
<subfield code="a">Palazzo Venezia (Rome, Italy),</subfield>
<subfield code="e">host institution.</subfield>
</datafield>
<datafield tag="880" ind1="1" ind2="0">
<subfield code="6">245-01/</subfield>
<subfield code="a">&#27721;&#21776;&#20013;&#21407; :</subfield>
<subfield code="b">&#27827;&#21335;&#25991;&#29289;&#31934;&#21697;&#23637; /</subfield>
<subfield code="c">&#27827;&#21335;&#21338;&#29289;&#38498;&#32534;&#33879; = Tesori della Cina Imperiale : L'Et&#224; della Rinascita fra gli Han e i Tang (206 a.C.-907 d.C.) / A cura del Museo Provinciale dello Henan.</subfield>
</datafield>
<datafield tag="880" ind1="3" ind2="0">
<subfield code="6">246-02/</subfield>
<subfield code="a">&#27827;&#21335;&#25991;&#29289;&#31934;&#21697;&#23637;</subfield>
</datafield>
<datafield tag="880" ind1=" " ind2=" ">
<subfield code="6">250-03/</subfield>
<subfield code="a">&#31532;&#19968;&#29256;.</subfield>
</datafield>
<datafield tag="880" ind1=" " ind2="1">
<subfield code="6">264-04/</subfield>
<subfield code="a">&#21271;&#20140; :</subfield>
<subfield code="b">&#31185;&#23398;&#20986;&#29256;&#31038;,</subfield>
<subfield code="c">2015.</subfield>
</datafield>
<datafield tag="880" ind1="0" ind2=" ">
<subfield code="6">490-05/</subfield>
<subfield code="a">&#20013;&#21326;&#25991;&#26126;&#31995;&#21015; =</subfield>
<subfield code="a">Terza Mostra sulla Civilt&#224; Cinese ;</subfield>
<subfield code="v">III</subfield>
</datafield>
<datafield tag="880" ind1=" " ind2=" ">
<subfield code="6">520-06/</subfield>
<subfield code="a">&#26412;&#20070;&#26159;&#20316;&#20026;&#20013;&#24847;&#20114;&#25442;&#23637;&#35272;&#39033;&#30446;"&#20013;&#21326;&#25991;&#26126;&#31995;&#21015;&#23637;""&#27721;&#21776;&#20013;&#21407;"&#23637;&#35272;.&#27492;&#27425;&#23637;&#35272;&#36873;&#25321;&#27827;&#21335;&#21338;&#29289;&#38498;&#34255;&#27721;&#21776;&#25991;&#29289;&#30334;&#20313;&#20214;, &#23637;&#29616;&#27721;&#21776;&#30427;&#19990;&#26102;&#26399;&#20013;&#22269;&#25991;&#26126;&#26680;&#24515;&#21306;&#22495;&#30340;&#37117;&#24066;&#39118;&#35980;, &#31038;&#20250;&#29983;&#27963;, &#23447;&#25945;&#25991;&#21270;, &#23545;&#22806;&#20132;&#27969;, &#21453;&#26144;&#36825;&#19968;&#26102;&#26399;&#20013;&#21407;&#30340;&#32321;&#33635;&#26223;&#35937;&#21644;&#19981;&#21516;&#25991;&#21270;&#30340;&#34701;&#21512;&#21457;&#23637;.</subfield>
</datafield>
<datafield tag="880" ind1=" " ind2="4">
<subfield code="6">651-07/</subfield>
<subfield code="a">&#27827;&#21335;&#30465; (&#20013;&#22269;)</subfield>
<subfield code="x">Antiquities</subfield>
<subfield code="v">Exhibitions.</subfield>
</datafield>
<datafield tag="880" ind1=" " ind2="4">
<subfield code="6">651-08/</subfield>
<subfield code="a">&#27827;&#21335;&#30465; (&#20013;&#22269;)</subfield>
<subfield code="x">History</subfield>
<subfield code="v">Exhibitions.</subfield>
</datafield>
<datafield tag="880" ind1=" " ind2="4">
<subfield code="6">651-09/</subfield>
<subfield code="a">&#27827;&#21335;&#30465; (&#20013;&#22269;)</subfield>
<subfield code="x">Antiquities</subfield>
<subfield code="v">Exhibitions.</subfield>
</datafield>
<datafield tag="880" ind1=" " ind2="4">
<subfield code="6">651-10/</subfield>
<subfield code="a">&#27827;&#21335;&#30465; (&#20013;&#22269;)</subfield>
<subfield code="x">History</subfield>
<subfield code="v">Exhibitions.</subfield>
</datafield>
<datafield tag="880" ind1="2" ind2=" ">
<subfield code="6">710-11/</subfield>
<subfield code="a">&#27827;&#21335;&#21338;&#29289;&#38498;,</subfield>
<subfield code="e">editor.</subfield>
</datafield>
<datafield tag="OWN" ind1=" " ind2=" ">
<subfield code="a">GENERAL</subfield>
</datafield>
<datafield tag="AVA" ind1=" " ind2=" ">
<subfield code="a">NYU50</subfield>
<subfield code="b">NISAW</subfield>
<subfield code="c">Large Collection</subfield>
<subfield code="d">DS793.H5 T48 2015 Non-circulating</subfield>
<subfield code="e">available</subfield>
<subfield code="t">Available</subfield>
<subfield code="f">1</subfield>
<subfield code="g">0</subfield>
<subfield code="h">N</subfield>
<subfield code="i">0</subfield>
<subfield code="j">LARGE</subfield>
<subfield code="k">0</subfield>
</datafield>
</record>