<record xmlns="http://www.loc.gov/MARC21/slim" xmlns:xsi="http://www.w3.org/2001/XMLSchema-instance" xsi:schemaLocation="http://www.loc.gov/MARC21/slim http://www.loc.gov/standards/marcxml/schema/MARC21slim.xsd">
<leader>00000cam a22     Ii 4500</leader>
<controlfield tag="FMT">BK</controlfield>
<controlfield tag="LDR">00000cam a22     Ii 4500</controlfield>
<controlfield tag="001">006060969</controlfield>
<controlfield tag="005">20180424094813.0</controlfield>
<controlfield tag="008">180424s2015    cc a          000 0 chi d</controlfield>
<datafield tag="020" ind1=" " ind2=" ">
<subfield code="a">9787030456762</subfield>
</datafield>
<datafield tag="020" ind1=" " ind2=" ">
<subfield code="a">7030456769</subfield>
</datafield>
<datafield tag="035" ind1=" " ind2=" ">
<subfield code="a">(OCoLC)941055834</subfield>
</datafield>
<datafield tag="040" ind1=" " ind2=" ">
<subfield code="a">BCBTC</subfield>
<subfield code="b">eng</subfield>
<subfield code="e">rda</subfield>
<subfield code="c">BCBTC</subfield>
<subfield code="d">OCLCO</subfield>
<subfield code="d">CNPIT</subfield>
<subfield code="d">HUA</subfield>
<subfield code="d">OCLCO</subfield>
<subfield code="d">OCLCF</subfield>
</datafield>
<datafield tag="043" ind1=" " ind2=" ">
<subfield code="a">a-cc-hp</subfield>
</datafield>
<datafield tag="050" ind1=" " ind2="4">
<subfield code="a">DS793.H6</subfield>
<subfield code="b">H4375 2015</subfield>
</datafield>
<datafield tag="245" ind1="0" ind2="0">
<subfield code="6">880-01</subfield>
<subfield code="a">Hebei Sheng di san ci quan guo wen wu pu cha zhong yao xin fa xian.</subfield>
<subfield code="p">Gu dai yi zhi ji mu zang /</subfield>
<subfield code="c">Hebei Sheng wen wu ju bian zhu.</subfield>
</datafield>
<datafield tag="246" ind1="3" ind2="0">
<subfield code="6">880-02</subfield>
<subfield code="a">Gu dai yi zhi ji mu zang</subfield>
</datafield>
<datafield tag="250" ind1=" " ind2=" ">
<subfield code="6">880-03</subfield>
<subfield code="a">Di yi ban.</subfield>
</datafield>
<datafield tag="264" ind1=" " ind2="1">
<subfield code="6">880-04</subfield>
<subfield code="a">Beijing :</subfield>
<subfield code="b">Ke xue chu ban she,</subfield>
<subfield code="c">2015.</subfield>
</datafield>
<datafield tag="300" ind1=" " ind2=" ">
<subfield code="a">305 pages :</subfield>
<subfield code="b">color illustrations ;</subfield>
<subfield code="c">29 cm.</subfield>
</datafield>
<datafield tag="336" ind1=" " ind2=" ">
<subfield code="a">text</subfield>
<subfield code="2">rdacontent</subfield>
</datafield>
<datafield tag="337" ind1=" " ind2=" ">
<subfield code="a">unmediated</subfield>
<subfield code="2">rdamedia</subfield>
</datafield>
<datafield tag="338" ind1=" " ind2=" ">
<subfield code="a">volume</subfield>
<subfield code="2">rdacarrier</subfield>
</datafield>
<datafield tag="490" ind1="0" ind2=" ">
<subfield code="6">880-05</subfield>
<subfield code="a">Hebei Sheng di san ci quan guo wen wu pu cha xi lie cong shu</subfield>
</datafield>
<datafield tag="650" ind1=" " ind2="0">
<subfield code="6">880-06</subfield>
<subfield code="a">Historic sites</subfield>
<subfield code="z">China</subfield>
<subfield code="z">Hebei Sheng.</subfield>
</datafield>
<datafield tag="650" ind1=" " ind2="0">
<subfield code="6">880-07</subfield>
<subfield code="a">Tombs</subfield>
<subfield code="z">China</subfield>
<subfield code="z">Hebei Sheng.</subfield>
</datafield>
<datafield tag="651" ind1=" " ind2="0">
<subfield code="6">880-08</subfield>
<subfield code="a">Hebei Sheng (China)</subfield>
<subfield code="x">Antiquities.</subfield>
</datafield>
<datafield tag="650" ind1=" " ind2="0">
<subfield code="6">880-09</subfield>
<subfield code="a">Excavations (Archaeology)</subfield>
<subfield code="z">China</subfield>
<subfield code="z">Hebei Sheng.</subfield>
</datafield>
<datafield tag="650" ind1=" " ind2="7">
<subfield code="a">Antiquities.</subfield>
<subfield code="2">fast</subfield>
<subfield code="0">(OCoLC)fst00810745</subfield>
</datafield>
<datafield tag="650" ind1=" " ind2="7">
<subfield code="a">Excavations (Archaeology)</subfield>
<subfield code="2">fast</subfield>
<subfield code="0">(OCoLC)fst00917564</subfield>
</datafield>
<datafield tag="650" ind1=" " ind2="7">
<subfield code="a">Historic sites.</subfield>
<subfield code="2">fast</subfield>
<subfield code="0">(OCoLC)fst00957846</subfield>
</datafield>
<datafield tag="650" ind1=" " ind2="7">
<subfield code="a">Tombs.</subfield>
<subfield code="2">fast</subfield>
<subfield code="0">(OCoLC)fst01152439</subfield>
</datafield>
<datafield tag="651" ind1=" " ind2="7">
<subfield code="a">China</subfield>
<subfield code="z">Hebei Sheng.</subfield>
<subfield code="2">fast</subfield>
<subfield code="0">(OCoLC)fst01215481</subfield>
</datafield>
<datafield tag="710" ind1="1" ind2=" ">
<subfield code="6">880-10</subfield>
<subfield code="a">Hebei Sheng (China).</subfield>
<subfield code="b">Wen wu ju,</subfield>
<subfield code="e">editor.</subfield>
</datafield>
<datafield tag="880" ind1="0" ind2="0">
<subfield code="6">245-01/</subfield>
<subfield code="a">&#27827;&#21271;&#30465;&#31532;&#19977;&#27425;&#20840;&#22269;&#25991;&#29289;&#26222;&#26597;&#37325;&#35201;&#26032;&#21457;&#29616;.</subfield>
<subfield code="p">&#21476;&#20195;&#36951;&#22336;&#21450;&#22675;&#33900; /</subfield>
<subfield code="c">&#27827;&#21271;&#30465;&#25991;&#29289;&#23616;&#32534;&#33879;.</subfield>
</datafield>
<datafield tag="880" ind1="3" ind2="0">
<subfield code="6">246-02/</subfield>
<subfield code="a">&#21476;&#20195;&#36951;&#22336;&#21450;&#22675;&#33900;</subfield>
</datafield>
<datafield tag="880" ind1=" " ind2=" ">
<subfield code="6">250-03/</subfield>
<subfield code="a">&#31532;&#19968;&#29256;.</subfield>
</datafield>
<datafield tag="880" ind1=" " ind2="1">
<subfield code="6">264-04/</subfield>
<subfield code="a">&#21271;&#20140; :</subfield>
<subfield code="b">&#31185;&#23398;&#20986;&#29256;&#31038;,</subfield>
<subfield code="c">2015.</subfield>
</datafield>
<datafield tag="880" ind1="0" ind2=" ">
<subfield code="6">490-05/</subfield>
<subfield code="a">&#27827;&#21271;&#30465;&#31532;&#19977;&#27425;&#20840;&#22269;&#25991;&#29289;&#26222;&#26597;&#31995;&#21015;&#19995;&#20070;</subfield>
</datafield>
<datafield tag="880" ind1=" " ind2=" ">
<subfield code="6">520-00/</subfield>
<subfield code="a">&#26412;&#21367;&#20849;&#25910;&#24405;&#26032;&#21457;&#29616;&#25991;&#29289;&#28857;268&#22788;,&#20854;&#20013;&#21476;&#36951;&#22336;222&#22788;,&#21476;&#22675;&#33900;46&#22788;.&#26681;&#25454;&#26102;&#20195;&#19981;&#21516;,&#26412;&#21367;&#25226;&#19978;&#36848;&#25991;&#29289;&#28857;&#20998;&#20026;&#22799;&#21830;&#21608;,&#27721;,&#39759;&#26187;&#21271;&#26397;,&#38539;&#21776;,&#23435;&#36797;&#37329;&#20803;,&#26126;&#28165;&#20845;&#20010;&#31456;&#33410;&#36827;&#34892;&#20171;&#32461;.&#26412;&#21367;&#20849;&#25910;&#24405;&#26032;&#21457;&#29616;&#25991;&#29289;&#28857;268&#22788;,&#20854;&#20013;&#21476;&#36951;&#22336;222&#22788;,&#21476;&#22675;&#33900;46&#22788;.&#26681;&#25454;&#26102;&#20195;&#19981;&#21516;,&#26412;&#21367;&#25226;&#19978;&#36848;&#25991;&#29289;&#28857;&#20998;&#20026;&#22799;&#21830;&#21608;,&#27721;,&#39759;&#26187;&#21271;&#26397;,&#38539;&#21776;,&#23435;&#36797;&#37329;&#20803;,&#26126;&#28165;&#20845;&#20010;&#31456;&#33410;&#36827;&#34892;&#20171;&#32461;.</subfield>
</datafield>
<datafield tag="880" ind1=" " ind2="0">
<subfield code="6">650-06/</subfield>
<subfield code="a">Historic sites</subfield>
<subfield code="z">&#20013;&#22269;</subfield>
<subfield code="z">&#27827;&#21271;&#30465;.</subfield>
</datafield>
<datafield tag="880" ind1=" " ind2="0">
<subfield code="6">650-07/</subfield>
<subfield code="a">Tombs</subfield>
<subfield code="z">&#20013;&#22269;</subfield>
<subfield code="z">&#27827;&#21271;&#30465;.</subfield>
</datafield>
<datafield tag="880" ind1=" " ind2="0">
<subfield code="6">651-08/</subfield>
<subfield code="a">&#27827;&#21271;&#30465; (&#20013;&#22269;)</subfield>
<subfield code="x">Antiquities.</subfield>
</datafield>
<datafield tag="880" ind1=" " ind2="0">
<subfield code="6">650-09/</subfield>
<subfield code="a">Excavations (Archaeology)</subfield>
<subfield code="z">&#20013;&#22269;</subfield>
<subfield code="z">&#27827;&#21271;&#30465;.</subfield>
</datafield>
<datafield tag="880" ind1="1" ind2=" ">
<subfield code="6">710-10/</subfield>
<subfield code="a">&#27827;&#21271;&#30465; (&#20013;&#22269;).</subfield>
<subfield code="b">&#25991;&#29289;&#23616;,</subfield>
<subfield code="e">editor.</subfield>
</datafield>
<datafield tag="OWN" ind1=" " ind2=" ">
<subfield code="a">GENERAL</subfield>
</datafield>
<datafield tag="AVA" ind1=" " ind2=" ">
<subfield code="a">NYU50</subfield>
<subfield code="b">NISAW</subfield>
<subfield code="c">Large Collection</subfield>
<subfield code="d">DS793.H6 H4375 2015 Non-circulating</subfield>
<subfield code="e">available</subfield>
<subfield code="t">Available</subfield>
<subfield code="f">1</subfield>
<subfield code="g">0</subfield>
<subfield code="h">N</subfield>
<subfield code="i">0</subfield>
<subfield code="j">LARGE</subfield>
<subfield code="k">0</subfield>
</datafield>
</record>