<record xmlns="http://www.loc.gov/MARC21/slim" xmlns:xsi="http://www.w3.org/2001/XMLSchema-instance" xsi:schemaLocation="http://www.loc.gov/MARC21/slim http://www.loc.gov/standards/marcxml/schema/MARC21slim.xsd">
<leader>00000cam a22      a 4500</leader>
<controlfield tag="FMT">BK</controlfield>
<controlfield tag="LDR">00000cam a22      a 4500</controlfield>
<controlfield tag="001">006060914</controlfield>
<controlfield tag="005">20180423174334.0</controlfield>
<controlfield tag="008">180423s2010    cc ab    b    000 0 chi d</controlfield>
<datafield tag="010" ind1=" " ind2=" ">
<subfield code="a">  2011470581</subfield>
</datafield>
<datafield tag="020" ind1=" " ind2=" ">
<subfield code="a">9787807186168</subfield>
</datafield>
<datafield tag="020" ind1=" " ind2=" ">
<subfield code="a">780718616X</subfield>
</datafield>
<datafield tag="035" ind1=" " ind2=" ">
<subfield code="a">(OCoLC)747862616</subfield>
</datafield>
<datafield tag="040" ind1=" " ind2=" ">
<subfield code="a">KU</subfield>
<subfield code="b">eng</subfield>
<subfield code="c">DLC</subfield>
<subfield code="d">TEF</subfield>
<subfield code="d">OCLCF</subfield>
<subfield code="d">OCLCQ</subfield>
<subfield code="d">OCL</subfield>
<subfield code="d">OCLCQ</subfield>
<subfield code="d">PAU</subfield>
<subfield code="d">OCLCO</subfield>
<subfield code="d">NNU</subfield>
</datafield>
<datafield tag="042" ind1=" " ind2=" ">
<subfield code="a">lccopycat</subfield>
</datafield>
<datafield tag="043" ind1=" " ind2=" ">
<subfield code="a">a-cc-ku</subfield>
</datafield>
<datafield tag="050" ind1="0" ind2="0">
<subfield code="a">DS793.K45</subfield>
<subfield code="b">T364 2010</subfield>
</datafield>
<datafield tag="100" ind1="1" ind2=" ">
<subfield code="a">Tchang, Mathias,</subfield>
<subfield code="d">1852-1929.</subfield>
</datafield>
<datafield tag="245" ind1="1" ind2="0">
<subfield code="6">880-01</subfield>
<subfield code="a">Liang dai ling mu kao /</subfield>
<subfield code="c">Zhang Huang zhuan ; Wang Zhigao dian jiao. Liu chao ling mu diao cha bao gao / Zhong yang gu wu bao guan wei yuan hui bian ji wei yuan hui bian ; Wang Zhigao dian jiao.</subfield>
</datafield>
<datafield tag="250" ind1=" " ind2=" ">
<subfield code="6">880-02</subfield>
<subfield code="a">Di 1 ban.</subfield>
</datafield>
<datafield tag="260" ind1=" " ind2=" ">
<subfield code="6">880-03</subfield>
<subfield code="a">Nanjing Shi :</subfield>
<subfield code="b">Nanjing chu ban she,</subfield>
<subfield code="c">2010.</subfield>
</datafield>
<datafield tag="300" ind1=" " ind2=" ">
<subfield code="a">2, 14, 316 pages :</subfield>
<subfield code="b">illustrations, map ;</subfield>
<subfield code="c">21 cm.</subfield>
</datafield>
<datafield tag="336" ind1=" " ind2=" ">
<subfield code="a">text</subfield>
<subfield code="b">txt</subfield>
<subfield code="2">rdacontent</subfield>
</datafield>
<datafield tag="337" ind1=" " ind2=" ">
<subfield code="a">unmediated</subfield>
<subfield code="b">n</subfield>
<subfield code="2">rdamedia</subfield>
</datafield>
<datafield tag="338" ind1=" " ind2=" ">
<subfield code="a">volume</subfield>
<subfield code="b">nc</subfield>
<subfield code="2">rdacarrier</subfield>
</datafield>
<datafield tag="490" ind1="1" ind2=" ">
<subfield code="6">880-04</subfield>
<subfield code="a">Nanjing xi jian wen xian cong kan</subfield>
</datafield>
<datafield tag="504" ind1=" " ind2=" ">
<subfield code="a">Includes bibliographical references.</subfield>
</datafield>
<datafield tag="651" ind1=" " ind2="0">
<subfield code="6">880-05</subfield>
<subfield code="a">Jiangsu Sheng (China)</subfield>
<subfield code="x">Antiquities.</subfield>
</datafield>
<datafield tag="650" ind1=" " ind2="0">
<subfield code="a">Tombs</subfield>
<subfield code="z">China</subfield>
<subfield code="z">Jiangsu Sheng.</subfield>
</datafield>
<datafield tag="650" ind1=" " ind2="0">
<subfield code="a">Excavations (Archaeology)</subfield>
<subfield code="z">China</subfield>
<subfield code="z">Jiangsu Sheng.</subfield>
</datafield>
<datafield tag="651" ind1=" " ind2="0">
<subfield code="a">China</subfield>
<subfield code="x">History</subfield>
<subfield code="y">Northern and Southern dynasties, 386-589.</subfield>
</datafield>
<datafield tag="650" ind1=" " ind2="7">
<subfield code="a">Antiquities.</subfield>
<subfield code="2">fast</subfield>
<subfield code="0">(OCoLC)fst00810745</subfield>
</datafield>
<datafield tag="650" ind1=" " ind2="7">
<subfield code="a">Excavations (Archaeology)</subfield>
<subfield code="2">fast</subfield>
<subfield code="0">(OCoLC)fst00917564</subfield>
</datafield>
<datafield tag="650" ind1=" " ind2="7">
<subfield code="a">Northern and Southern Dynasties (China)</subfield>
<subfield code="2">fast</subfield>
<subfield code="0">(OCoLC)fst01712460</subfield>
</datafield>
<datafield tag="650" ind1=" " ind2="7">
<subfield code="a">Tombs.</subfield>
<subfield code="2">fast</subfield>
<subfield code="0">(OCoLC)fst01152439</subfield>
</datafield>
<datafield tag="651" ind1=" " ind2="7">
<subfield code="a">China.</subfield>
<subfield code="2">fast</subfield>
<subfield code="0">(OCoLC)fst01206073</subfield>
</datafield>
<datafield tag="651" ind1=" " ind2="7">
<subfield code="a">China</subfield>
<subfield code="z">Jiangsu Sheng.</subfield>
<subfield code="2">fast</subfield>
<subfield code="0">(OCoLC)fst01212175</subfield>
</datafield>
<datafield tag="651" ind1=" " ind2="4">
<subfield code="a">Jiangsu Sheng (China)</subfield>
<subfield code="x">Antiquities.</subfield>
</datafield>
<datafield tag="648" ind1=" " ind2="7">
<subfield code="a">386-589.</subfield>
<subfield code="2">fast</subfield>
</datafield>
<datafield tag="655" ind1=" " ind2="7">
<subfield code="a">History.</subfield>
<subfield code="2">fast</subfield>
<subfield code="0">(OCoLC)fst01411628</subfield>
</datafield>
<datafield tag="700" ind1="1" ind2=" ">
<subfield code="6">880-06</subfield>
<subfield code="a">Wang, Zhigao.</subfield>
</datafield>
<datafield tag="710" ind1="2" ind2=" ">
<subfield code="6">880-07</subfield>
<subfield code="a">Zhong yang gu wu bao guan wei yuan hui.</subfield>
<subfield code="b">Bian ji wei yuan hui.</subfield>
</datafield>
<datafield tag="740" ind1="0" ind2="2">
<subfield code="6">880-08</subfield>
<subfield code="a">Liu chao ling mu diao cha bao gao.</subfield>
</datafield>
<datafield tag="880" ind1="1" ind2="0">
<subfield code="6">245-01/</subfield>
<subfield code="a">&#26753;&#20195;&#38517;&#22675;&#32771; /</subfield>
<subfield code="c">&#24352;&#29852;&#25776; ; &#29579;&#24535;&#39640;&#28857;&#26657;. &#20845;&#26397;&#38517;&#22675;&#35843;&#26597;&#25253;&#21578; / &#20013;&#22830;&#21476;&#29289;&#20445;&#31649;&#22996;&#21592;&#20250;&#32534;&#36753;&#22996;&#21592;&#20250;&#32534; ; &#29579;&#24535;&#39640;&#28857;&#26657;.</subfield>
</datafield>
<datafield tag="880" ind1=" " ind2=" ">
<subfield code="6">250-02/</subfield>
<subfield code="a">&#31532; 1 &#29256;.</subfield>
</datafield>
<datafield tag="880" ind1=" " ind2=" ">
<subfield code="6">260-03/</subfield>
<subfield code="a">&#21335;&#20140;&#24066; :</subfield>
<subfield code="b">&#21335;&#20140;&#20986;&#29256;&#31038;,</subfield>
<subfield code="c">2010.</subfield>
</datafield>
<datafield tag="880" ind1="1" ind2=" ">
<subfield code="6">490-04/</subfield>
<subfield code="a">&#21335;&#20140;&#31232;&#35265;&#25991;&#29486;&#19995;&#21002;</subfield>
</datafield>
<datafield tag="880" ind1=" " ind2="4">
<subfield code="6">651-05/</subfield>
<subfield code="a">&#27743;&#33487;&#30465; (China)</subfield>
<subfield code="x">Antiquities.</subfield>
</datafield>
<datafield tag="880" ind1="1" ind2=" ">
<subfield code="6">700-06/</subfield>
<subfield code="a">&#29579;&#24535;&#39640;.</subfield>
</datafield>
<datafield tag="880" ind1="2" ind2=" ">
<subfield code="6">710-07/</subfield>
<subfield code="a">&#20013;&#22830;&#21476;&#29289;&#20445;&#31649;&#22996;&#21592;&#20250;.</subfield>
<subfield code="b">&#32534;&#36753;&#22996;&#21592;&#20250;.</subfield>
</datafield>
<datafield tag="880" ind1="0" ind2="2">
<subfield code="6">740-08/</subfield>
<subfield code="a">&#20845;&#26397;&#38517;&#22675;&#35843;&#26597;&#25253;&#21578;.</subfield>
</datafield>
<datafield tag="830" ind1=" " ind2="0">
<subfield code="6">880-09</subfield>
<subfield code="a">Nanjing xi jian wen xian cong kan.</subfield>
</datafield>
<datafield tag="880" ind1=" " ind2="0">
<subfield code="6">830-09/</subfield>
<subfield code="a">&#21335;&#20140;&#31232;&#35265;&#25991;&#29486;&#19995;&#21002;.</subfield>
</datafield>
<datafield tag="OWN" ind1=" " ind2=" ">
<subfield code="a">GENERAL</subfield>
</datafield>
<datafield tag="AVA" ind1=" " ind2=" ">
<subfield code="a">NYU50</subfield>
<subfield code="b">NISAW</subfield>
<subfield code="c">Small Collection</subfield>
<subfield code="d">DS793.K45 T364 2010 Non-circulating</subfield>
<subfield code="e">available</subfield>
<subfield code="t">Available</subfield>
<subfield code="f">1</subfield>
<subfield code="g">0</subfield>
<subfield code="h">N</subfield>
<subfield code="i">0</subfield>
<subfield code="j">SMALL</subfield>
<subfield code="k">0</subfield>
</datafield>
</record>