<record xmlns="http://www.loc.gov/MARC21/slim" xmlns:xsi="http://www.w3.org/2001/XMLSchema-instance" xsi:schemaLocation="http://www.loc.gov/MARC21/slim http://www.loc.gov/standards/marcxml/schema/MARC21slim.xsd">
<leader>00000cam a22      i 4500</leader>
<controlfield tag="FMT">BK</controlfield>
<controlfield tag="LDR">00000cam a22      i 4500</controlfield>
<controlfield tag="001">006060994</controlfield>
<controlfield tag="005">20180424115707.0</controlfield>
<controlfield tag="008">180424s2016    cc       b    001 0 chi d</controlfield>
<datafield tag="010" ind1=" " ind2=" ">
<subfield code="a">  2017361419</subfield>
</datafield>
<datafield tag="020" ind1=" " ind2=" ">
<subfield code="a">9787308142168</subfield>
</datafield>
<datafield tag="020" ind1=" " ind2=" ">
<subfield code="a">7308142167</subfield>
</datafield>
<datafield tag="035" ind1=" " ind2=" ">
<subfield code="a">(OCoLC)966403202</subfield>
</datafield>
<datafield tag="040" ind1=" " ind2=" ">
<subfield code="a">CNPIT</subfield>
<subfield code="b">eng</subfield>
<subfield code="e">rda</subfield>
<subfield code="c">DLC</subfield>
<subfield code="d">STF</subfield>
<subfield code="d">OCLCF</subfield>
<subfield code="d">HUA</subfield>
<subfield code="d">CNPIT</subfield>
<subfield code="d">CUY</subfield>
<subfield code="d">NNU</subfield>
</datafield>
<datafield tag="042" ind1=" " ind2=" ">
<subfield code="a">lccopycat</subfield>
</datafield>
<datafield tag="043" ind1=" " ind2=" ">
<subfield code="a">a-cc---</subfield>
</datafield>
<datafield tag="050" ind1="0" ind2="0">
<subfield code="a">DS793.T8</subfield>
<subfield code="b">X53 2016</subfield>
</datafield>
<datafield tag="100" ind1="1" ind2=" ">
<subfield code="6">880-01</subfield>
<subfield code="a">Xia, Shengping,</subfield>
<subfield code="d">1969-</subfield>
<subfield code="e">author.</subfield>
</datafield>
<datafield tag="245" ind1="1" ind2="0">
<subfield code="6">880-02</subfield>
<subfield code="a">Dunhuang shi ku gong yang ren yan jiu shu ping =</subfield>
<subfield code="b">The research review on the donors of Dunhuang grottoes /</subfield>
<subfield code="c">Xia Shengping, Lu Xiuwen zhu.</subfield>
</datafield>
<datafield tag="246" ind1="3" ind2="1">
<subfield code="a">Research review on the donors of Dunhuang grottoes</subfield>
</datafield>
<datafield tag="246" ind1="1" ind2=" ">
<subfield code="i">Title on page [4] of cover:</subfield>
<subfield code="a">Dunhuang Shiku gongyanren yanjiu shuping</subfield>
</datafield>
<datafield tag="250" ind1=" " ind2=" ">
<subfield code="6">880-03</subfield>
<subfield code="a">Di 1 ban.</subfield>
</datafield>
<datafield tag="264" ind1=" " ind2="1">
<subfield code="6">880-04</subfield>
<subfield code="a">Hangzhou Shi :</subfield>
<subfield code="b">Zhejiang da xue chu ban she,</subfield>
<subfield code="c">2016.</subfield>
</datafield>
<datafield tag="300" ind1=" " ind2=" ">
<subfield code="a">4, 344 pages ;</subfield>
<subfield code="c">24 cm.</subfield>
</datafield>
<datafield tag="336" ind1=" " ind2=" ">
<subfield code="a">text</subfield>
<subfield code="b">txt</subfield>
<subfield code="2">rdacontent</subfield>
</datafield>
<datafield tag="337" ind1=" " ind2=" ">
<subfield code="a">unmediated</subfield>
<subfield code="b">n</subfield>
<subfield code="2">rdamedia</subfield>
</datafield>
<datafield tag="338" ind1=" " ind2=" ">
<subfield code="a">volume</subfield>
<subfield code="b">nc</subfield>
<subfield code="2">rdacarrier</subfield>
</datafield>
<datafield tag="490" ind1="0" ind2=" ">
<subfield code="6">880-05</subfield>
<subfield code="a">"Dunhuang shi ku yan jiu wen xian zhuan ti xu lu" ( gong yang ren zhuan ti ) xi lie cong shu</subfield>
</datafield>
<datafield tag="500" ind1=" " ind2=" ">
<subfield code="6">880-06</subfield>
<subfield code="a">"Dunhuang yan jiu yuan yuan ji ke ti ( 2008-2010 nian ) 'Dunhuang shi ku yan jiu wen xian zhuan ti xu lu' ( gong yang ren zhuan ti ) xi lie cong shu, guo jia ke ji zhi cheng ji hua ke ti'si chou zhi lu ( Zhongguo duan ) wen hua yi chan jia zhi wa jue yu wen hua l&#252; you xin xi zi yuan biao zhun gui fan yan jiu' ( 2012-2015 nian ) ke ti bian hao : 2012BAH43F01 'Dunhuang shi ku gong yang ren yan jiu shu ping'"-Page facing title page.</subfield>
</datafield>
<datafield tag="504" ind1=" " ind2=" ">
<subfield code="a">Includes bibliographical references and index.</subfield>
</datafield>
<datafield tag="650" ind1=" " ind2="0">
<subfield code="a">Benefactors</subfield>
<subfield code="z">China</subfield>
<subfield code="x">History.</subfield>
</datafield>
<datafield tag="651" ind1=" " ind2="0">
<subfield code="a">Dunhuang Caves (China)</subfield>
</datafield>
<datafield tag="650" ind1=" " ind2="7">
<subfield code="a">Benefactors.</subfield>
<subfield code="2">fast</subfield>
<subfield code="0">(OCoLC)fst00830324</subfield>
</datafield>
<datafield tag="651" ind1=" " ind2="7">
<subfield code="a">China.</subfield>
<subfield code="2">fast</subfield>
<subfield code="0">(OCoLC)fst01206073</subfield>
</datafield>
<datafield tag="651" ind1=" " ind2="7">
<subfield code="a">China</subfield>
<subfield code="z">Dunhuang Caves.</subfield>
<subfield code="2">fast</subfield>
<subfield code="0">(OCoLC)fst01240618</subfield>
</datafield>
<datafield tag="655" ind1=" " ind2="7">
<subfield code="a">History.</subfield>
<subfield code="2">fast</subfield>
<subfield code="0">(OCoLC)fst01411628</subfield>
</datafield>
<datafield tag="700" ind1="1" ind2=" ">
<subfield code="6">880-07</subfield>
<subfield code="a">Lu, Xiuwen,</subfield>
<subfield code="d">1955-</subfield>
<subfield code="e">author.</subfield>
</datafield>
<datafield tag="880" ind1="1" ind2=" ">
<subfield code="6">100-01/</subfield>
<subfield code="a">&#22799;&#29983;&#24179;,</subfield>
<subfield code="d">1969-</subfield>
<subfield code="e">author.</subfield>
</datafield>
<datafield tag="880" ind1="1" ind2="0">
<subfield code="6">245-02/</subfield>
<subfield code="a">&#25958;&#29004;&#30707;&#31391;&#20379;&#20859;&#20154;&#30740;&#31350;&#36848;&#35780; =</subfield>
<subfield code="b">The research review on the donors of Dunhuang grottoes /</subfield>
<subfield code="c">&#22799;&#29983;&#24179;, &#21346;&#31168;&#25991;&#33879;.</subfield>
</datafield>
<datafield tag="880" ind1=" " ind2=" ">
<subfield code="6">250-03/</subfield>
<subfield code="a">&#31532;1&#29256;.</subfield>
</datafield>
<datafield tag="880" ind1=" " ind2="1">
<subfield code="6">264-04/</subfield>
<subfield code="a">&#26477;&#24030;&#24066; :</subfield>
<subfield code="b">&#27993;&#27743;&#22823;&#23398;&#20986;&#29256;&#31038;,</subfield>
<subfield code="c">2016.</subfield>
</datafield>
<datafield tag="880" ind1="0" ind2=" ">
<subfield code="6">490-05/</subfield>
<subfield code="a">"&#25958;&#29004;&#30707;&#31391;&#30740;&#31350;&#25991;&#29486;&#19987;&#39064;&#21465;&#24405;" ( &#20379;&#20859;&#20154;&#19987;&#39064; ) &#31995;&#21015;&#19995;&#20070;</subfield>
</datafield>
<datafield tag="880" ind1=" " ind2=" ">
<subfield code="6">500-06/</subfield>
<subfield code="a">"&#25958;&#29004;&#30740;&#31350;&#38498;&#38498;&#32423;&#35838;&#39064; ( 2008-2010&#24180; ) '&#25958;&#29004;&#30707;&#31391;&#30740;&#31350;&#25991;&#29486;&#19987;&#39064;&#21465;&#24405;' ( &#20379;&#20859;&#20154;&#19987;&#39064; ) &#31995;&#21015;&#19995;&#20070;, &#22269;&#23478;&#31185;&#25216;&#25903;&#25745;&#35745;&#21010;&#35838;&#39064;'&#19997;&#32504;&#20043;&#36335; ( &#20013;&#22269;&#27573; ) &#25991;&#21270;&#36951;&#20135;&#20215;&#20540;&#25366;&#25496;&#19982;&#25991;&#21270;&#26053;&#28216;&#20449;&#24687;&#36164;&#28304;&#26631;&#20934;&#35268;&#33539;&#30740;&#31350;' ( 2012-2015&#24180; ) &#35838;&#39064;&#32534;&#21495; : 2012BAH43F01 '&#25958;&#29004;&#30707;&#31391;&#20379;&#20859;&#20154;&#30740;&#31350;&#36848;&#35780;'"-Page facing title page.</subfield>
</datafield>
<datafield tag="880" ind1=" " ind2=" ">
<subfield code="6">520-00/</subfield>
<subfield code="a">&#25958;&#29004;&#30707;&#31391;&#20379;&#20859;&#20154;&#30740;&#31350;&#36215;&#20110;&#22235;&#21313;&#24180;&#20195;, &#26159;&#20276;&#38543;&#30528;&#30707;&#31391;&#30340;&#26029;&#20195;&#19982;&#20998;&#26399;&#12289;&#22721;&#30011;&#20869;&#23481;&#21644;&#33402;&#26415;&#39118;&#26684;&#30340;&#30740;&#31350;&#32780;&#36827;&#34892;&#30340;. &#38271;&#26399;&#28024;&#26579;&#20110;&#25958;&#29004;&#32771;&#21476;&#12289;&#33402;&#26415;&#30740;&#31350;&#30340;&#21490;&#33479;&#28248;&#12289;&#27146;&#38182;&#35799;&#31561;&#32769;&#19968;&#20195;&#23398;&#32773;, &#22312;&#35832;&#22810;&#26041;&#38754;&#30340;&#30740;&#31350;&#37117;&#26377;&#21331;&#36234;&#30340;&#24314;&#26641;. &#26412;&#20070;&#23601;&#26159;&#23545;&#20960;&#21313;&#24180;&#26469;&#25958;&#29004;&#30707;&#31391;&#20379;&#20859;&#20154;&#30740;&#31350;&#25104;&#26524;&#30340;&#24635;&#32467;, &#20351;&#35835;&#32773;&#33021;&#22815;&#21450;&#26102;&#25484;&#25569;&#25958;&#29004;&#23398;&#26368;&#26032;&#30340;&#30740;&#31350;&#21160;&#24577;.</subfield>
</datafield>
<datafield tag="880" ind1="1" ind2=" ">
<subfield code="6">700-07/</subfield>
<subfield code="a">&#21346;&#31168;&#25991;,</subfield>
<subfield code="d">1955-</subfield>
<subfield code="e">author.</subfield>
</datafield>
<datafield tag="OWN" ind1=" " ind2=" ">
<subfield code="a">GENERAL</subfield>
</datafield>
<datafield tag="AVA" ind1=" " ind2=" ">
<subfield code="a">NYU50</subfield>
<subfield code="b">NISAW</subfield>
<subfield code="c">Small Collection</subfield>
<subfield code="d">DS793.T8 X53 2016 Non-circulating</subfield>
<subfield code="e">available</subfield>
<subfield code="t">Available</subfield>
<subfield code="f">1</subfield>
<subfield code="g">0</subfield>
<subfield code="h">N</subfield>
<subfield code="i">0</subfield>
<subfield code="j">SMALL</subfield>
<subfield code="k">0</subfield>
</datafield>
</record>