<record xmlns="http://www.loc.gov/MARC21/slim" xmlns:xsi="http://www.w3.org/2001/XMLSchema-instance" xsi:schemaLocation="http://www.loc.gov/MARC21/slim http://www.loc.gov/standards/marcxml/schema/MARC21slim.xsd">
<leader>00000cam a22      i 4500</leader>
<controlfield tag="FMT">BK</controlfield>
<controlfield tag="LDR">00000cam a22      i 4500</controlfield>
<controlfield tag="001">006060972</controlfield>
<controlfield tag="005">20180424095523.0</controlfield>
<controlfield tag="008">180424s2016    cc       b    000 0 chi d</controlfield>
<datafield tag="010" ind1=" " ind2=" ">
<subfield code="a">  2017365135</subfield>
</datafield>
<datafield tag="020" ind1=" " ind2=" ">
<subfield code="a">9787308157100</subfield>
</datafield>
<datafield tag="020" ind1=" " ind2=" ">
<subfield code="a">7308157105</subfield>
</datafield>
<datafield tag="035" ind1=" " ind2=" ">
<subfield code="a">(OCoLC)951365816</subfield>
</datafield>
<datafield tag="040" ind1=" " ind2=" ">
<subfield code="a">BCBTC</subfield>
<subfield code="b">eng</subfield>
<subfield code="e">rda</subfield>
<subfield code="c">DLC</subfield>
<subfield code="d">BCBTC</subfield>
<subfield code="d">CNPIT</subfield>
<subfield code="d">CLU</subfield>
<subfield code="d">OCLCF</subfield>
<subfield code="d">OCLCO</subfield>
<subfield code="d">YUS</subfield>
<subfield code="d">OCLCQ</subfield>
<subfield code="d">ZCU</subfield>
<subfield code="d">OCLCO</subfield>
<subfield code="d">NNU</subfield>
</datafield>
<datafield tag="042" ind1=" " ind2=" ">
<subfield code="a">lccopycat</subfield>
</datafield>
<datafield tag="043" ind1=" " ind2=" ">
<subfield code="a">a-cc-ka</subfield>
</datafield>
<datafield tag="050" ind1="0" ind2="0">
<subfield code="a">DS797.28.D864</subfield>
<subfield code="b">X8253 2016</subfield>
</datafield>
<datafield tag="100" ind1="1" ind2=" ">
<subfield code="6">880-01</subfield>
<subfield code="a">Xu, Jianping,</subfield>
<subfield code="d">1963-</subfield>
<subfield code="e">author.</subfield>
</datafield>
<datafield tag="245" ind1="1" ind2="0">
<subfield code="6">880-02</subfield>
<subfield code="a">Dunhuang jing xue wen xian lun gao /</subfield>
<subfield code="c">Xu Jianping zhu.</subfield>
</datafield>
<datafield tag="250" ind1=" " ind2=" ">
<subfield code="6">880-03</subfield>
<subfield code="a">Di 1 ban.</subfield>
</datafield>
<datafield tag="264" ind1=" " ind2="1">
<subfield code="6">880-04</subfield>
<subfield code="a">Hangzhou Shi :</subfield>
<subfield code="b">Zhejiang da xue chu ban she,</subfield>
<subfield code="c">2016.</subfield>
</datafield>
<datafield tag="300" ind1=" " ind2=" ">
<subfield code="a">3, 2, 2, 378 pages ;</subfield>
<subfield code="c">21 cm.</subfield>
</datafield>
<datafield tag="336" ind1=" " ind2=" ">
<subfield code="a">text</subfield>
<subfield code="b">txt</subfield>
<subfield code="2">rdacontent</subfield>
</datafield>
<datafield tag="337" ind1=" " ind2=" ">
<subfield code="a">unmediated</subfield>
<subfield code="b">n</subfield>
<subfield code="2">rdamedia</subfield>
</datafield>
<datafield tag="338" ind1=" " ind2=" ">
<subfield code="a">volume</subfield>
<subfield code="b">nc</subfield>
<subfield code="2">rdacarrier</subfield>
</datafield>
<datafield tag="490" ind1="1" ind2=" ">
<subfield code="6">880-05</subfield>
<subfield code="a">Zhejiang xue zhe si lu Dunhuang xue shu shu xi. Di yi ji</subfield>
</datafield>
<datafield tag="504" ind1=" " ind2=" ">
<subfield code="a">Includes bibliographical references.</subfield>
</datafield>
<datafield tag="630" ind1="0" ind2="0">
<subfield code="a">Dunhuang manuscripts.</subfield>
</datafield>
<datafield tag="630" ind1="0" ind2="7">
<subfield code="a">Dunhuang manuscripts.</subfield>
<subfield code="2">fast</subfield>
<subfield code="0">(OCoLC)fst01356877</subfield>
</datafield>
<datafield tag="651" ind1=" " ind2="0">
<subfield code="a">Dunhuang Caves (China)</subfield>
<subfield code="x">Antiquities.</subfield>
</datafield>
<datafield tag="651" ind1=" " ind2="0">
<subfield code="a">Dunhuang Caves (China)</subfield>
<subfield code="x">History.</subfield>
</datafield>
<datafield tag="650" ind1=" " ind2="7">
<subfield code="a">Antiquities.</subfield>
<subfield code="2">fast</subfield>
<subfield code="0">(OCoLC)fst00810745</subfield>
</datafield>
<datafield tag="651" ind1=" " ind2="7">
<subfield code="a">China</subfield>
<subfield code="z">Dunhuang Caves.</subfield>
<subfield code="2">fast</subfield>
<subfield code="0">(OCoLC)fst01240618</subfield>
</datafield>
<datafield tag="655" ind1=" " ind2="7">
<subfield code="a">History.</subfield>
<subfield code="2">fast</subfield>
<subfield code="0">(OCoLC)fst01411628</subfield>
</datafield>
<datafield tag="880" ind1="1" ind2=" ">
<subfield code="6">100-01/</subfield>
<subfield code="a">&#35377;&#24314;&#24179;,</subfield>
<subfield code="d">1963-</subfield>
<subfield code="e">author.</subfield>
</datafield>
<datafield tag="880" ind1="1" ind2="0">
<subfield code="6">245-02/</subfield>
<subfield code="a">&#25958;&#29004;&#32147;&#23416;&#25991;&#29563;&#35542;&#31295; /</subfield>
<subfield code="c">&#35377;&#24314;&#24179;&#33879;.</subfield>
</datafield>
<datafield tag="880" ind1=" " ind2=" ">
<subfield code="6">250-03/</subfield>
<subfield code="a">&#31532;1&#29256;.</subfield>
</datafield>
<datafield tag="880" ind1=" " ind2="1">
<subfield code="6">264-04/</subfield>
<subfield code="a">&#26477;&#24030;&#24066; :</subfield>
<subfield code="b">&#27993;&#27743;&#22823;&#23416;&#20986;&#29256;&#31038;,</subfield>
<subfield code="c">2016.</subfield>
</datafield>
<datafield tag="880" ind1="1" ind2=" ">
<subfield code="6">490-05/</subfield>
<subfield code="a">&#27993;&#27743;&#23416;&#32773;&#32114;&#36335;&#25958;&#29004;&#23416;&#34899;&#26360;&#31995;. &#31532;&#19968;&#36655;</subfield>
</datafield>
<datafield tag="830" ind1=" " ind2="0">
<subfield code="6">880-06</subfield>
<subfield code="a">Zhejiang xue zhe si lu Dunhuang xue shu shu xi.</subfield>
<subfield code="n">Di 1 ji.</subfield>
</datafield>
<datafield tag="880" ind1=" " ind2="0">
<subfield code="6">830-06/</subfield>
<subfield code="a">&#27993;&#27743;&#23416;&#32773;&#32114;&#36335;&#25958;&#29004;&#23416;&#34899;&#26360;&#31995;.</subfield>
<subfield code="n">&#31532;1&#36655;.</subfield>
</datafield>
<datafield tag="OWN" ind1=" " ind2=" ">
<subfield code="a">GENERAL</subfield>
</datafield>
<datafield tag="AVA" ind1=" " ind2=" ">
<subfield code="a">NYU50</subfield>
<subfield code="b">NISAW</subfield>
<subfield code="c">Small Collection</subfield>
<subfield code="d">DS797.28.D864 X8253 2016 Non-circulating</subfield>
<subfield code="e">available</subfield>
<subfield code="t">Available</subfield>
<subfield code="f">1</subfield>
<subfield code="g">0</subfield>
<subfield code="h">N</subfield>
<subfield code="i">0</subfield>
<subfield code="j">SMALL</subfield>
<subfield code="k">0</subfield>
</datafield>
</record>