<record xmlns="http://www.loc.gov/MARC21/slim" xmlns:xsi="http://www.w3.org/2001/XMLSchema-instance" xsi:schemaLocation="http://www.loc.gov/MARC21/slim http://www.loc.gov/standards/marcxml/schema/MARC21slim.xsd">
<leader>00000cam a22     Ii 4500</leader>
<controlfield tag="FMT">BK</controlfield>
<controlfield tag="LDR">00000cam a22     Ii 4500</controlfield>
<controlfield tag="001">006060984</controlfield>
<controlfield tag="005">20180424105341.0</controlfield>
<controlfield tag="008">180424s2014    cc abf   b    000 0 chi d</controlfield>
<datafield tag="020" ind1=" " ind2=" ">
<subfield code="a">9787030417848</subfield>
</datafield>
<datafield tag="020" ind1=" " ind2=" ">
<subfield code="a">7030417844</subfield>
</datafield>
<datafield tag="035" ind1=" " ind2=" ">
<subfield code="a">(OCoLC)942698091</subfield>
</datafield>
<datafield tag="040" ind1=" " ind2=" ">
<subfield code="a">CNPIT</subfield>
<subfield code="b">eng</subfield>
<subfield code="e">rda</subfield>
<subfield code="c">CNPIT</subfield>
<subfield code="d">HFL</subfield>
<subfield code="d">OCLCF</subfield>
<subfield code="d">CLU</subfield>
<subfield code="d">YUS</subfield>
</datafield>
<datafield tag="043" ind1=" " ind2=" ">
<subfield code="a">a-cc-kn</subfield>
</datafield>
<datafield tag="050" ind1=" " ind2="4">
<subfield code="a">DS797.32.W8</subfield>
<subfield code="b">S536 2014</subfield>
</datafield>
<datafield tag="100" ind1="1" ind2=" ">
<subfield code="6">880-01</subfield>
<subfield code="a">Shang, Jie.</subfield>
</datafield>
<datafield tag="245" ind1="1" ind2="0">
<subfield code="6">880-02</subfield>
<subfield code="a">Wuhua Shixiong Shan /</subfield>
<subfield code="c">Guangdong Sheng wen wu kao gu yan jiu suo, Shang Jie bian zhu.</subfield>
</datafield>
<datafield tag="250" ind1=" " ind2=" ">
<subfield code="6">880-03</subfield>
<subfield code="a">Di yi ban.</subfield>
</datafield>
<datafield tag="264" ind1=" " ind2="1">
<subfield code="6">880-04</subfield>
<subfield code="a">Beijing :</subfield>
<subfield code="b">Ke xue chu ban she,</subfield>
<subfield code="c">2014.</subfield>
</datafield>
<datafield tag="300" ind1=" " ind2=" ">
<subfield code="a">xiv, 226 pages, 64 pages of plates :</subfield>
<subfield code="b">illustrations (some color), maps ;</subfield>
<subfield code="c">30 cm</subfield>
</datafield>
<datafield tag="336" ind1=" " ind2=" ">
<subfield code="a">text</subfield>
<subfield code="b">txt</subfield>
<subfield code="2">rdacontent</subfield>
</datafield>
<datafield tag="337" ind1=" " ind2=" ">
<subfield code="a">unmediated</subfield>
<subfield code="b">n</subfield>
<subfield code="2">rdamedia</subfield>
</datafield>
<datafield tag="338" ind1=" " ind2=" ">
<subfield code="a">volume</subfield>
<subfield code="b">nc</subfield>
<subfield code="2">rdacarrier</subfield>
</datafield>
<datafield tag="504" ind1=" " ind2=" ">
<subfield code="a">Includes bibliographical references.</subfield>
</datafield>
<datafield tag="650" ind1=" " ind2="0">
<subfield code="a">Excavations (Archaeology)</subfield>
<subfield code="z">China</subfield>
<subfield code="z">Wuhua Xian.</subfield>
</datafield>
<datafield tag="651" ind1=" " ind2="0">
<subfield code="6">880-05</subfield>
<subfield code="a">Wuhua Xian (China)</subfield>
<subfield code="x">Antiquities.</subfield>
</datafield>
<datafield tag="650" ind1=" " ind2="7">
<subfield code="a">Antiquities.</subfield>
<subfield code="2">fast</subfield>
<subfield code="0">(OCoLC)fst00810745</subfield>
</datafield>
<datafield tag="650" ind1=" " ind2="7">
<subfield code="a">Excavations (Archaeology)</subfield>
<subfield code="2">fast</subfield>
<subfield code="0">(OCoLC)fst00917564</subfield>
</datafield>
<datafield tag="651" ind1=" " ind2="7">
<subfield code="a">China</subfield>
<subfield code="z">Wuhua Xian.</subfield>
<subfield code="2">fast</subfield>
<subfield code="0">(OCoLC)fst01210233</subfield>
</datafield>
<datafield tag="651" ind1=" " ind2="4">
<subfield code="6">880-06</subfield>
<subfield code="a">Wuhua Xian (China)</subfield>
<subfield code="x">Antiquities.</subfield>
</datafield>
<datafield tag="710" ind1="2" ind2=" ">
<subfield code="6">880-07</subfield>
<subfield code="a">Guangdong Sheng wen wu kao gu yan jiu suo.</subfield>
</datafield>
<datafield tag="880" ind1="1" ind2=" ">
<subfield code="6">100-01/</subfield>
<subfield code="a">&#23578;&#26480;.</subfield>
</datafield>
<datafield tag="880" ind1="1" ind2="0">
<subfield code="6">245-02/</subfield>
<subfield code="a">&#20116;&#21326;&#29422;&#38596;&#23665; /</subfield>
<subfield code="c">&#24191;&#19996;&#30465;&#25991;&#29289;&#32771;&#21476;&#30740;&#31350;&#25152;, &#23578;&#26480;&#32534;&#33879;.</subfield>
</datafield>
<datafield tag="880" ind1=" " ind2=" ">
<subfield code="6">250-03/</subfield>
<subfield code="a">&#31532;&#19968;&#29256;.</subfield>
</datafield>
<datafield tag="880" ind1=" " ind2="1">
<subfield code="6">264-04/</subfield>
<subfield code="a">&#21271;&#20140; :</subfield>
<subfield code="b">&#31185;&#23398;&#20986;&#29256;&#31038;,</subfield>
<subfield code="c">2014.</subfield>
</datafield>
<datafield tag="880" ind1=" " ind2="4">
<subfield code="6">651-05/</subfield>
<subfield code="a">&#20116;&#21326;&#21439; (China)</subfield>
<subfield code="x">Antiquities.</subfield>
</datafield>
<datafield tag="880" ind1=" " ind2="4">
<subfield code="6">651-06/</subfield>
<subfield code="a">&#20116;&#21326;&#21439; (China)</subfield>
<subfield code="x">Antiquities.</subfield>
</datafield>
<datafield tag="880" ind1="2" ind2=" ">
<subfield code="6">710-07/</subfield>
<subfield code="a">&#24191;&#19996;&#30465;&#25991;&#29289;&#32771;&#21476;&#30740;&#31350;&#25152;.</subfield>
</datafield>
<datafield tag="OWN" ind1=" " ind2=" ">
<subfield code="a">GENERAL</subfield>
</datafield>
<datafield tag="AVA" ind1=" " ind2=" ">
<subfield code="a">NYU50</subfield>
<subfield code="b">NISAW</subfield>
<subfield code="c">Large Collection</subfield>
<subfield code="d">DS797.32.W8 S536 2014 Non-circulating</subfield>
<subfield code="e">available</subfield>
<subfield code="t">Available</subfield>
<subfield code="f">1</subfield>
<subfield code="g">0</subfield>
<subfield code="h">N</subfield>
<subfield code="i">0</subfield>
<subfield code="j">LARGE</subfield>
<subfield code="k">0</subfield>
</datafield>
</record>