<record xmlns="http://www.loc.gov/MARC21/slim" xmlns:xsi="http://www.w3.org/2001/XMLSchema-instance" xsi:schemaLocation="http://www.loc.gov/MARC21/slim http://www.loc.gov/standards/marcxml/schema/MARC21slim.xsd">
<leader>00000cam a22     Ii 4500</leader>
<controlfield tag="FMT">BK</controlfield>
<controlfield tag="LDR">00000cam a22     Ii 4500</controlfield>
<controlfield tag="001">006060966</controlfield>
<controlfield tag="005">20180424090507.0</controlfield>
<controlfield tag="008">180424s2016    cc ab         000 0 chi d</controlfield>
<datafield tag="020" ind1=" " ind2=" ">
<subfield code="a">9787030482389</subfield>
<subfield code="q">(set)</subfield>
</datafield>
<datafield tag="020" ind1=" " ind2=" ">
<subfield code="a">7030482387</subfield>
<subfield code="q">(set)</subfield>
</datafield>
<datafield tag="035" ind1=" " ind2=" ">
<subfield code="a">(OCoLC)954554941</subfield>
</datafield>
<datafield tag="040" ind1=" " ind2=" ">
<subfield code="a">CNPIT</subfield>
<subfield code="b">eng</subfield>
<subfield code="e">rda</subfield>
<subfield code="c">CNPIT</subfield>
<subfield code="d">BCBTC</subfield>
<subfield code="d">CLU</subfield>
<subfield code="d">OCLCF</subfield>
<subfield code="d">OCLCQ</subfield>
<subfield code="d">EYM</subfield>
<subfield code="d">YUS</subfield>
<subfield code="d">OCLCQ</subfield>
<subfield code="d">ZYU</subfield>
</datafield>
<datafield tag="043" ind1=" " ind2=" ">
<subfield code="a">a-cc-ho</subfield>
</datafield>
<datafield tag="050" ind1=" " ind2="4">
<subfield code="a">DS797.44.E75</subfield>
<subfield code="b">X569 2016</subfield>
</datafield>
<datafield tag="245" ind1="0" ind2="0">
<subfield code="6">880-01</subfield>
<subfield code="a">Xinzheng wang jing lou :</subfield>
<subfield code="b">2010-2012 nian tian ye kao gu fa jue bao gao /</subfield>
<subfield code="c">Gu Wanfa zhu bian ; Zhengzhou Shi wen wu kao gu yan jiu suo bian zhu.</subfield>
</datafield>
<datafield tag="246" ind1="3" ind2="0">
<subfield code="6">880-02</subfield>
<subfield code="a">2010-2012 nian tian ye kao gu fa jue bao gao</subfield>
</datafield>
<datafield tag="250" ind1=" " ind2=" ">
<subfield code="6">880-03</subfield>
<subfield code="a">Di 1 ban.</subfield>
</datafield>
<datafield tag="264" ind1=" " ind2="1">
<subfield code="6">880-04</subfield>
<subfield code="a">Beijing :</subfield>
<subfield code="b">Ke xue chu ban she,</subfield>
<subfield code="c">2016.</subfield>
</datafield>
<datafield tag="300" ind1=" " ind2=" ">
<subfield code="a">3 volumes :</subfield>
<subfield code="b">illustrations, maps ;</subfield>
<subfield code="c">31 cm.</subfield>
</datafield>
<datafield tag="336" ind1=" " ind2=" ">
<subfield code="a">text</subfield>
<subfield code="b">txt</subfield>
<subfield code="2">rdacontent</subfield>
</datafield>
<datafield tag="337" ind1=" " ind2=" ">
<subfield code="a">unmediated</subfield>
<subfield code="b">n</subfield>
<subfield code="2">rdamedia</subfield>
</datafield>
<datafield tag="338" ind1=" " ind2=" ">
<subfield code="a">volume</subfield>
<subfield code="b">nc</subfield>
<subfield code="2">rdacarrier</subfield>
</datafield>
<datafield tag="490" ind1="1" ind2=" ">
<subfield code="6">880-05</subfield>
<subfield code="a">Zhongguo, Zhengzhou kao gu ;</subfield>
<subfield code="v">24</subfield>
</datafield>
<datafield tag="651" ind1=" " ind2="0">
<subfield code="6">880-06</subfield>
<subfield code="a">Erlitou (China)</subfield>
<subfield code="x">Antiquities.</subfield>
</datafield>
<datafield tag="650" ind1=" " ind2="0">
<subfield code="a">Excavations (Archaeology)</subfield>
<subfield code="z">China</subfield>
<subfield code="z">Erlitou.</subfield>
</datafield>
<datafield tag="650" ind1=" " ind2="7">
<subfield code="a">Antiquities.</subfield>
<subfield code="2">fast</subfield>
<subfield code="0">(OCoLC)fst00810745</subfield>
</datafield>
<datafield tag="650" ind1=" " ind2="7">
<subfield code="a">Excavations (Archaeology)</subfield>
<subfield code="2">fast</subfield>
<subfield code="0">(OCoLC)fst00917564</subfield>
</datafield>
<datafield tag="651" ind1=" " ind2="7">
<subfield code="a">China</subfield>
<subfield code="z">Erlitou.</subfield>
<subfield code="2">fast</subfield>
<subfield code="0">(OCoLC)fst01277796</subfield>
</datafield>
<datafield tag="651" ind1=" " ind2="4">
<subfield code="6">880-07</subfield>
<subfield code="a">Erlitou (China)</subfield>
<subfield code="x">Antiquities.</subfield>
</datafield>
<datafield tag="700" ind1="1" ind2=" ">
<subfield code="6">880-08</subfield>
<subfield code="a">Gu, Wanfa,</subfield>
<subfield code="e">editor.</subfield>
</datafield>
<datafield tag="710" ind1="2" ind2=" ">
<subfield code="6">880-09</subfield>
<subfield code="a">Zhengzhou Shi wen wu kao gu yan jiu suo,</subfield>
<subfield code="e">editor.</subfield>
</datafield>
<datafield tag="880" ind1="0" ind2="0">
<subfield code="6">245-01/</subfield>
<subfield code="a">&#26032;&#37073;&#26395;&#20140;&#27004; :</subfield>
<subfield code="b">2010-2012&#24180;&#30000;&#37326;&#32771;&#21476;&#21457;&#25496;&#25253;&#21578; /</subfield>
<subfield code="c">&#39038;&#19975;&#21457;&#20027;&#32534; ; &#37073;&#24030;&#24066;&#25991;&#29289;&#32771;&#21476;&#30740;&#31350;&#25152;&#32534;&#33879;.</subfield>
</datafield>
<datafield tag="880" ind1="3" ind2="0">
<subfield code="6">246-02/</subfield>
<subfield code="a">2010-2012&#24180;&#30000;&#37326;&#32771;&#21476;&#21457;&#25496;&#25253;&#21578;</subfield>
</datafield>
<datafield tag="880" ind1=" " ind2=" ">
<subfield code="6">250-03/</subfield>
<subfield code="a">&#31532;&#19968;&#29256;.</subfield>
</datafield>
<datafield tag="880" ind1=" " ind2="1">
<subfield code="6">264-04/</subfield>
<subfield code="a">&#21271;&#20140; :</subfield>
<subfield code="b">&#31185;&#23398;&#20986;&#29256;&#31038;,</subfield>
<subfield code="c">2016.</subfield>
</datafield>
<datafield tag="880" ind1="1" ind2=" ">
<subfield code="6">490-05/</subfield>
<subfield code="a">&#20013;&#22269;&#183;&#37073;&#24030;&#32771;&#21476; ;</subfield>
<subfield code="v">24</subfield>
</datafield>
<datafield tag="880" ind1=" " ind2=" ">
<subfield code="6">520-00/</subfield>
<subfield code="a">&#26412;&#25253;&#21578;&#28085;&#30422;&#20102;2010&#24180;9&#26376;&#33267;2012&#24180;6&#26376;&#26399;&#38388;&#26395;&#20140;&#27004;&#36951;&#22336;&#30340;&#20108;&#37324;&#22836;&#21450;&#20108;&#37324;&#23703;&#26102;&#26399;&#21208;&#25506;&#21644;&#21457;&#25496;&#36164;&#26009;, &#20197;&#21208;&#25506;&#21450;&#21457;&#25496;&#36164;&#26009;&#20171;&#32461;&#20026;&#32034;&#24341;, &#23545;&#25152;&#26377;&#20108;&#37324;&#22836;&#21450;&#20108;&#37324;&#23703;&#26102;&#26399;&#36164;&#26009;&#20998;&#20869;&#23481;&#36827;&#34892;&#20102;&#20840;&#38754;&#20171;&#32461;.&#20027;&#35201;&#20869;&#23481;&#21253;&#25324;:&#22478;&#22681;&#21208;&#25506;&#21450;&#35299;&#21078;, &#22478;&#38376;&#21208;&#25506;&#21450;&#21457;&#25496;, &#24314;&#31569;&#36951;&#36857;, &#22675;&#33900;&#21457;&#25496;&#21450;&#22478;&#22336;&#20869;&#29983;&#27963;&#21306;&#30340;&#21208;&#25506;&#21644;&#21457;&#25496;, &#20197;&#21450;&#20986;&#22303;&#36951;&#29289;&#20171;&#32461;&#21644;&#36951;&#22336;&#30340;&#20108;&#37324;&#22836;&#25991;&#21270;&#21450;&#20108;&#37324;&#23703;&#25991;&#21270;&#20998;&#26399;&#31561;.&#26412;&#25253;&#21578;&#21147;&#20105;&#26465;&#20363;&#28165;&#26224;, &#26597;&#38405;&#26041;&#20415;, &#20351;&#35835;&#32773;&#33021;&#22815;&#23545;&#26395;&#20140;&#27004;&#36951;&#22336;&#26377;&#19968;&#20010;&#31995;&#32479;, &#20840;&#38754;&#30340;&#20102;&#35299;, &#26368;&#22823;&#38480;&#24230;&#22320;&#20026;&#32771;&#21476;&#24037;&#20316;&#32773;&#25552;&#20379;&#26377;&#20851;&#20108;&#37324;&#22836;&#21450;&#20108;&#37324;&#23703;&#26102;&#26399;&#22478;&#22336;&#30340;&#32771;&#21476;&#21208;&#25506;&#21644;&#21457;&#25496;&#36164;&#26009;.</subfield>
</datafield>
<datafield tag="880" ind1=" " ind2="4">
<subfield code="6">651-06/</subfield>
<subfield code="a">&#20108;&#37324;&#22836; (China)</subfield>
<subfield code="x">Antiquities.</subfield>
</datafield>
<datafield tag="880" ind1=" " ind2="4">
<subfield code="6">651-07/</subfield>
<subfield code="a">&#20108;&#37324;&#22836; (China)</subfield>
<subfield code="x">Antiquities.</subfield>
</datafield>
<datafield tag="880" ind1="1" ind2=" ">
<subfield code="6">700-08/</subfield>
<subfield code="a">&#39038;&#19975;&#21457;,</subfield>
<subfield code="e">editor.</subfield>
</datafield>
<datafield tag="880" ind1="2" ind2=" ">
<subfield code="6">710-09/</subfield>
<subfield code="a">&#37073;&#24030;&#24066;&#25991;&#29289;&#32771;&#21476;&#30740;&#31350;&#25152;,</subfield>
<subfield code="e">editor.</subfield>
</datafield>
<datafield tag="830" ind1=" " ind2="0">
<subfield code="6">880-10</subfield>
<subfield code="a">Zhongguo, Zhengzhou kao gu ;</subfield>
<subfield code="v">24.</subfield>
</datafield>
<datafield tag="880" ind1=" " ind2="0">
<subfield code="6">830-10/</subfield>
<subfield code="a">&#20013;&#22269;&#12539;&#37073;&#24030;&#32771;&#21476; ;</subfield>
<subfield code="v">24.</subfield>
</datafield>
<datafield tag="OWN" ind1=" " ind2=" ">
<subfield code="a">GENERAL</subfield>
</datafield>
<datafield tag="AVA" ind1=" " ind2=" ">
<subfield code="a">NYU50</subfield>
<subfield code="b">NISAW</subfield>
<subfield code="c">Large Collection</subfield>
<subfield code="d">DS797.44.E75 X569 2016 Non-circulating</subfield>
<subfield code="e">available</subfield>
<subfield code="t">Available</subfield>
<subfield code="f">3</subfield>
<subfield code="g">0</subfield>
<subfield code="h">Y</subfield>
<subfield code="i">0</subfield>
<subfield code="j">LARGE</subfield>
<subfield code="k">0</subfield>
</datafield>
</record>