<record xmlns="http://www.loc.gov/MARC21/slim" xmlns:xsi="http://www.w3.org/2001/XMLSchema-instance" xsi:schemaLocation="http://www.loc.gov/MARC21/slim http://www.loc.gov/standards/marcxml/schema/MARC21slim.xsd">
<leader>00000cam a2200709Ii 4500</leader>
<controlfield tag="FMT">BK</controlfield>
<controlfield tag="LDR">00000cam a2200709Ii 4500</controlfield>
<controlfield tag="001">006060982</controlfield>
<controlfield tag="003">OCoLC</controlfield>
<controlfield tag="005">20180427164217.0</controlfield>
<controlfield tag="008">170309s2016    cc abf   b    000 0 chi d</controlfield>
<datafield tag="020" ind1=" " ind2=" ">
<subfield code="a">9787030505828</subfield>
</datafield>
<datafield tag="020" ind1=" " ind2=" ">
<subfield code="a">7030505824</subfield>
</datafield>
<datafield tag="035" ind1=" " ind2=" ">
<subfield code="a">(OCoLC)978577946</subfield>
</datafield>
<datafield tag="040" ind1=" " ind2=" ">
<subfield code="a">CNPIT</subfield>
<subfield code="b">eng</subfield>
<subfield code="e">rda</subfield>
<subfield code="c">CNPIT</subfield>
<subfield code="d">CUY</subfield>
<subfield code="d">OCLCF</subfield>
<subfield code="d">PAU</subfield>
<subfield code="d">OCLCQ</subfield>
<subfield code="d">ZYU</subfield>
</datafield>
<datafield tag="043" ind1=" " ind2=" ">
<subfield code="a">a-cc-ho</subfield>
</datafield>
<datafield tag="050" ind1=" " ind2="4">
<subfield code="a">DS797.44.L84</subfield>
<subfield code="b">S855 2016</subfield>
</datafield>
<datafield tag="245" ind1="0" ind2="0">
<subfield code="6">880-01</subfield>
<subfield code="a">Sui Tang Luoyang cheng tian tang yi zhi fa jue bao gao /</subfield>
<subfield code="c">Luoyang Shi wen wu kao gu yan jiu yuan bian zhu ; Fang Xiaolian, Shang Chunfang, Shi Jiazhen zhu bian.</subfield>
</datafield>
<datafield tag="250" ind1=" " ind2=" ">
<subfield code="6">880-02</subfield>
<subfield code="a">Di 1 ban.</subfield>
</datafield>
<datafield tag="264" ind1=" " ind2="1">
<subfield code="6">880-03</subfield>
<subfield code="a">Beijing :</subfield>
<subfield code="b">Ke xue chu ban she,</subfield>
<subfield code="c">2016.</subfield>
</datafield>
<datafield tag="300" ind1=" " ind2=" ">
<subfield code="a">xi, 117 pages, 86 unnumbered pages of plates, 3 unnumbered folded page of plates :</subfield>
<subfield code="b">illustrations (some color), maps ;</subfield>
<subfield code="c">30 cm</subfield>
</datafield>
<datafield tag="336" ind1=" " ind2=" ">
<subfield code="a">text</subfield>
<subfield code="b">txt</subfield>
<subfield code="2">rdacontent</subfield>
</datafield>
<datafield tag="337" ind1=" " ind2=" ">
<subfield code="a">unmediated</subfield>
<subfield code="b">n</subfield>
<subfield code="2">rdamedia</subfield>
</datafield>
<datafield tag="338" ind1=" " ind2=" ">
<subfield code="a">volume</subfield>
<subfield code="b">nc</subfield>
<subfield code="2">rdacarrier</subfield>
</datafield>
<datafield tag="504" ind1=" " ind2=" ">
<subfield code="a">Includes bibliographical references.</subfield>
</datafield>
<datafield tag="610" ind1="2" ind2="0">
<subfield code="6">880-04</subfield>
<subfield code="a">Sui Tang Luoyang cheng guo jia yi zhi gong yuan.</subfield>
</datafield>
<datafield tag="650" ind1=" " ind2="0">
<subfield code="6">880-05</subfield>
<subfield code="a">Palaces</subfield>
<subfield code="z">China</subfield>
<subfield code="z">Luoyang Shi.</subfield>
</datafield>
<datafield tag="650" ind1=" " ind2="0">
<subfield code="6">880-06</subfield>
<subfield code="a">Excavations (Archaeology)</subfield>
<subfield code="z">China</subfield>
<subfield code="z">Luoyang Shi.</subfield>
</datafield>
<datafield tag="651" ind1=" " ind2="0">
<subfield code="6">880-07</subfield>
<subfield code="a">Luoyang Shi (China)</subfield>
<subfield code="x">Antiquities.</subfield>
</datafield>
<datafield tag="651" ind1=" " ind2="0">
<subfield code="a">China</subfield>
<subfield code="x">History</subfield>
<subfield code="y">Sui dynasty, 581-618.</subfield>
</datafield>
<datafield tag="651" ind1=" " ind2="0">
<subfield code="a">China</subfield>
<subfield code="x">History</subfield>
<subfield code="y">Tang dynasty, 618-907.</subfield>
</datafield>
<datafield tag="650" ind1=" " ind2="7">
<subfield code="a">Antiquities.</subfield>
<subfield code="2">fast</subfield>
<subfield code="0">(OCoLC)fst00810745</subfield>
</datafield>
<datafield tag="650" ind1=" " ind2="7">
<subfield code="a">Excavations (Archaeology)</subfield>
<subfield code="2">fast</subfield>
<subfield code="0">(OCoLC)fst00917564</subfield>
</datafield>
<datafield tag="650" ind1=" " ind2="7">
<subfield code="a">Palaces.</subfield>
<subfield code="2">fast</subfield>
<subfield code="0">(OCoLC)fst01051243</subfield>
</datafield>
<datafield tag="650" ind1=" " ind2="7">
<subfield code="a">Tang Dynasty (China)</subfield>
<subfield code="2">fast</subfield>
<subfield code="0">(OCoLC)fst01696781</subfield>
</datafield>
<datafield tag="651" ind1=" " ind2="7">
<subfield code="a">China.</subfield>
<subfield code="2">fast</subfield>
<subfield code="0">(OCoLC)fst01206073</subfield>
</datafield>
<datafield tag="651" ind1=" " ind2="7">
<subfield code="a">China</subfield>
<subfield code="z">Luoyang Shi.</subfield>
<subfield code="2">fast</subfield>
<subfield code="0">(OCoLC)fst01222116</subfield>
</datafield>
<datafield tag="650" ind1=" " ind2="4">
<subfield code="6">880-08</subfield>
<subfield code="a">Palaces</subfield>
<subfield code="z">China</subfield>
<subfield code="z">Luoyang Shi.</subfield>
</datafield>
<datafield tag="650" ind1=" " ind2="4">
<subfield code="6">880-09</subfield>
<subfield code="a">Excavations (Archaeology)</subfield>
<subfield code="z">China</subfield>
<subfield code="z">Luoyang Shi.</subfield>
</datafield>
<datafield tag="651" ind1=" " ind2="4">
<subfield code="6">880-10</subfield>
<subfield code="a">Luoyang Shi (China)</subfield>
<subfield code="x">Antiquities.</subfield>
</datafield>
<datafield tag="648" ind1=" " ind2="7">
<subfield code="a">581-907.</subfield>
<subfield code="2">fast</subfield>
</datafield>
<datafield tag="655" ind1=" " ind2="7">
<subfield code="a">History.</subfield>
<subfield code="2">fast</subfield>
<subfield code="0">(OCoLC)fst01411628</subfield>
</datafield>
<datafield tag="700" ind1="1" ind2=" ">
<subfield code="6">880-11</subfield>
<subfield code="a">Fang, Xiaolian,</subfield>
<subfield code="e">editor.</subfield>
</datafield>
<datafield tag="700" ind1="1" ind2=" ">
<subfield code="6">880-12</subfield>
<subfield code="a">Shang, Chunfang,</subfield>
<subfield code="e">editor.</subfield>
</datafield>
<datafield tag="700" ind1="1" ind2=" ">
<subfield code="6">880-13</subfield>
<subfield code="a">Shi, Jiazhen,</subfield>
<subfield code="e">editor.</subfield>
</datafield>
<datafield tag="710" ind1="2" ind2=" ">
<subfield code="6">880-14</subfield>
<subfield code="a">Luoyang Shi wen wu kao gu yan jiu yuan,</subfield>
<subfield code="e">editor.</subfield>
</datafield>
<datafield tag="880" ind1="0" ind2="0">
<subfield code="6">245-01/</subfield>
<subfield code="a">&#38539;&#21776;&#27931;&#38451;&#22478;&#22825;&#22530;&#36951;&#22336;&#21457;&#25496;&#25253;&#21578; /</subfield>
<subfield code="c">&#27931;&#38451;&#24066;&#25991;&#29289;&#32771;&#21476;&#30740;&#31350;&#38498;&#32534;&#33879; ; &#26041;&#23389;&#24265;, &#21830;&#26149;&#33459;, &#21490;&#23478;&#29645;&#20027;&#32534;.</subfield>
</datafield>
<datafield tag="880" ind1=" " ind2=" ">
<subfield code="6">250-02/</subfield>
<subfield code="a">&#31532;&#19968;&#29256;.</subfield>
</datafield>
<datafield tag="880" ind1=" " ind2="1">
<subfield code="6">264-03/</subfield>
<subfield code="a">&#21271;&#20140; :</subfield>
<subfield code="b">&#31185;&#23398;&#20986;&#29256;&#31038;,</subfield>
<subfield code="c">2016.</subfield>
</datafield>
<datafield tag="880" ind1=" " ind2=" ">
<subfield code="6">520-00/</subfield>
<subfield code="a">&#26412;&#20070;&#26159;&#21776;&#20195;&#22825;&#22530;&#36951;&#22336;&#30340;&#32771;&#21476;&#21457;&#25496;&#25253;&#21578;. &#22825;&#22530;&#36951;&#22336;&#30340;&#21457;&#25496;&#25910;&#33719;&#27604;&#36739;&#20016;&#23500;, &#26412;&#20070;&#20027;&#35201;&#20171;&#32461;&#21776;&#27494;&#21017;&#22825;&#26102;&#26399;&#30340;&#22825;&#22530;&#21450;&#20854;&#21608;&#22260;&#24314;&#31569;&#22522;&#22336;&#30340;&#32771;&#21476;&#21457;&#25496;&#24037;&#20316;, &#20026;&#21382;&#21490;&#23398;, &#32771;&#21476;&#23398;, &#21476;&#24314;&#31569;&#23398;&#31561;&#39046;&#22495;&#30340;&#30740;&#31350;&#25552;&#20379;&#20102;&#29645;&#36149;&#30340;&#36164;&#26009;, &#23545;&#30740;&#31350;&#38539;&#21776;&#27931;&#38451;&#22478;&#23470;&#22478;&#30340;&#24314;&#31569;&#24067;&#23616;&#21644;&#24418;&#21046;&#32467;&#26500;&#26377;&#37325;&#35201;&#30340;&#21442;&#32771;&#20215;&#20540;.</subfield>
</datafield>
<datafield tag="880" ind1="2" ind2="0">
<subfield code="6">610-04/</subfield>
<subfield code="a">&#38539;&#21776;&#27931;&#38451;&#22478;&#22269;&#23478;&#36951;&#22336;&#20844;&#22253;</subfield>
</datafield>
<datafield tag="880" ind1=" " ind2="4">
<subfield code="6">650-05/</subfield>
<subfield code="a">Palaces</subfield>
<subfield code="z">China</subfield>
<subfield code="z">&#27931;&#38451;&#24066;.</subfield>
</datafield>
<datafield tag="880" ind1=" " ind2="4">
<subfield code="6">650-06/</subfield>
<subfield code="a">Excavations (Archaeology)</subfield>
<subfield code="z">China</subfield>
<subfield code="z">&#27931;&#38451;&#24066;.</subfield>
</datafield>
<datafield tag="880" ind1=" " ind2="4">
<subfield code="6">651-07/</subfield>
<subfield code="a">&#27931;&#38451;&#24066; (China)</subfield>
<subfield code="x">Antiquities.</subfield>
</datafield>
<datafield tag="880" ind1=" " ind2="4">
<subfield code="6">650-08/</subfield>
<subfield code="a">Palaces</subfield>
<subfield code="z">China</subfield>
<subfield code="z">&#27931;&#38451;&#24066;.</subfield>
</datafield>
<datafield tag="880" ind1=" " ind2="4">
<subfield code="6">650-09/</subfield>
<subfield code="a">Excavations (Archaeology)</subfield>
<subfield code="z">China</subfield>
<subfield code="z">&#27931;&#38451;&#24066;.</subfield>
</datafield>
<datafield tag="880" ind1=" " ind2="4">
<subfield code="6">651-10/</subfield>
<subfield code="a">&#27931;&#38451;&#24066; (China)</subfield>
<subfield code="x">Antiquities.</subfield>
</datafield>
<datafield tag="880" ind1="1" ind2=" ">
<subfield code="6">700-11/</subfield>
<subfield code="a">&#26041;&#23389;&#24265;,</subfield>
<subfield code="e">editor.</subfield>
</datafield>
<datafield tag="880" ind1="1" ind2=" ">
<subfield code="6">700-12/</subfield>
<subfield code="a">&#21830;&#26149;&#33459;,</subfield>
<subfield code="e">editor.</subfield>
</datafield>
<datafield tag="880" ind1="1" ind2=" ">
<subfield code="6">700-13/</subfield>
<subfield code="a">&#21490;&#23478;&#29645;,</subfield>
<subfield code="e">editor.</subfield>
</datafield>
<datafield tag="880" ind1="2" ind2=" ">
<subfield code="6">710-14/</subfield>
<subfield code="a">&#27931;&#38451;&#24066;&#25991;&#29289;&#32771;&#21476;&#30740;&#31350;&#38498;,</subfield>
<subfield code="e">editor.</subfield>
</datafield>
<datafield tag="OWN" ind1=" " ind2=" ">
<subfield code="a">GENERAL</subfield>
</datafield>
<datafield tag="AVA" ind1=" " ind2=" ">
<subfield code="a">NYU50</subfield>
<subfield code="b">NISAW</subfield>
<subfield code="c">Large Collection</subfield>
<subfield code="d">DS797.44.L84 S855 2016 Non-circulating</subfield>
<subfield code="e">available</subfield>
<subfield code="t">Available</subfield>
<subfield code="f">1</subfield>
<subfield code="g">0</subfield>
<subfield code="h">N</subfield>
<subfield code="i">0</subfield>
<subfield code="j">LARGE</subfield>
<subfield code="k">0</subfield>
</datafield>
</record>