<record xmlns="http://www.loc.gov/MARC21/slim" xmlns:xsi="http://www.w3.org/2001/XMLSchema-instance" xsi:schemaLocation="http://www.loc.gov/MARC21/slim http://www.loc.gov/standards/marcxml/schema/MARC21slim.xsd">
<leader>00000cam a22     Ii 4500</leader>
<controlfield tag="FMT">BK</controlfield>
<controlfield tag="LDR">00000cam a22     Ii 4500</controlfield>
<controlfield tag="001">006060980</controlfield>
<controlfield tag="005">20180424103630.0</controlfield>
<controlfield tag="008">180424s2016    cc abf   b    000 0 chi d</controlfield>
<datafield tag="020" ind1=" " ind2=" ">
<subfield code="a">9787030511249</subfield>
</datafield>
<datafield tag="020" ind1=" " ind2=" ">
<subfield code="a">7030511247</subfield>
</datafield>
<datafield tag="035" ind1=" " ind2=" ">
<subfield code="a">(OCoLC)982682004</subfield>
</datafield>
<datafield tag="040" ind1=" " ind2=" ">
<subfield code="a">CNPIT</subfield>
<subfield code="b">eng</subfield>
<subfield code="e">rda</subfield>
<subfield code="c">CNPIT</subfield>
<subfield code="d">OCLCO</subfield>
<subfield code="d">CLU</subfield>
<subfield code="d">OCLCF</subfield>
<subfield code="d">ZYU</subfield>
</datafield>
<datafield tag="043" ind1=" " ind2=" ">
<subfield code="a">a-cc-ku</subfield>
</datafield>
<datafield tag="050" ind1=" " ind2="4">
<subfield code="a">DS797.56.J81</subfield>
<subfield code="b">J786 2016</subfield>
</datafield>
<datafield tag="245" ind1="0" ind2="0">
<subfield code="6">880-01</subfield>
<subfield code="a">Jurong Donggangtou yi zhi :</subfield>
<subfield code="b">2005 nian kao gu fa jue bao gao /</subfield>
<subfield code="c">Nanjing bo wu yuan, Zhenjiang bo wu guan, Jurong Shi bo wu guan bian zhu.</subfield>
</datafield>
<datafield tag="246" ind1="3" ind2="0">
<subfield code="6">880-02</subfield>
<subfield code="a">2005 nian kao gu fa jue bao gao</subfield>
</datafield>
<datafield tag="250" ind1=" " ind2=" ">
<subfield code="6">880-03</subfield>
<subfield code="a">Di yi ban.</subfield>
</datafield>
<datafield tag="264" ind1=" " ind2="1">
<subfield code="6">880-04</subfield>
<subfield code="a">Beijing :</subfield>
<subfield code="b">Ke xue chu ban she,</subfield>
<subfield code="c">2016.</subfield>
</datafield>
<datafield tag="300" ind1=" " ind2=" ">
<subfield code="a">x, 189 pages, 96 pages of plates :</subfield>
<subfield code="b">illustrations (some color), map ;</subfield>
<subfield code="c">29 cm</subfield>
</datafield>
<datafield tag="336" ind1=" " ind2=" ">
<subfield code="a">text</subfield>
<subfield code="b">txt</subfield>
<subfield code="2">rdacontent</subfield>
</datafield>
<datafield tag="337" ind1=" " ind2=" ">
<subfield code="a">unmediated</subfield>
<subfield code="b">n</subfield>
<subfield code="2">rdamedia</subfield>
</datafield>
<datafield tag="338" ind1=" " ind2=" ">
<subfield code="a">volume</subfield>
<subfield code="b">nc</subfield>
<subfield code="2">rdacarrier</subfield>
</datafield>
<datafield tag="504" ind1=" " ind2=" ">
<subfield code="a">Includes bibliographical references.</subfield>
</datafield>
<datafield tag="650" ind1=" " ind2="0">
<subfield code="a">Excavations (Archaeology)</subfield>
<subfield code="z">China</subfield>
<subfield code="z">Jurong Xian.</subfield>
</datafield>
<datafield tag="651" ind1=" " ind2="0">
<subfield code="6">880-05</subfield>
<subfield code="a">Jurong Xian (China)</subfield>
<subfield code="x">Antiquities.</subfield>
</datafield>
<datafield tag="650" ind1=" " ind2="7">
<subfield code="a">Antiquities.</subfield>
<subfield code="2">fast</subfield>
<subfield code="0">(OCoLC)fst00810745</subfield>
</datafield>
<datafield tag="650" ind1=" " ind2="7">
<subfield code="a">Excavations (Archaeology)</subfield>
<subfield code="2">fast</subfield>
<subfield code="0">(OCoLC)fst00917564</subfield>
</datafield>
<datafield tag="651" ind1=" " ind2="7">
<subfield code="a">China</subfield>
<subfield code="z">Jurong Xian.</subfield>
<subfield code="2">fast</subfield>
<subfield code="0">(OCoLC)fst01219200</subfield>
</datafield>
<datafield tag="710" ind1="2" ind2=" ">
<subfield code="6">880-06</subfield>
<subfield code="a">Nanjing bo wu yuan,</subfield>
<subfield code="e">editor.</subfield>
</datafield>
<datafield tag="710" ind1="2" ind2=" ">
<subfield code="6">880-07</subfield>
<subfield code="a">Zhenjiang Shi bo wu guan,</subfield>
<subfield code="e">editor.</subfield>
</datafield>
<datafield tag="710" ind1="2" ind2=" ">
<subfield code="6">880-08</subfield>
<subfield code="a">Jurong Shi bo wu guan,</subfield>
<subfield code="e">editor.</subfield>
</datafield>
<datafield tag="880" ind1="0" ind2="0">
<subfield code="6">245-01/</subfield>
<subfield code="a">&#21477;&#23481;&#19996;&#23703;&#22836;&#36951;&#22336; :</subfield>
<subfield code="b">2005&#24180;&#32771;&#21476;&#21457;&#25496;&#25253;&#21578; /</subfield>
<subfield code="c">&#21335;&#20140;&#21338;&#29289;&#38498;, &#38215;&#27743;&#21338;&#29289;&#39302;, &#21477;&#23481;&#24066;&#21338;&#29289;&#39302;&#32534;&#33879;.</subfield>
</datafield>
<datafield tag="880" ind1="3" ind2="0">
<subfield code="6">246-02/</subfield>
<subfield code="a">2005&#24180;&#32771;&#21476;&#21457;&#25496;&#25253;&#21578;</subfield>
</datafield>
<datafield tag="880" ind1=" " ind2=" ">
<subfield code="6">250-03/</subfield>
<subfield code="a">&#31532;&#19968;&#29256;.</subfield>
</datafield>
<datafield tag="880" ind1=" " ind2="1">
<subfield code="6">264-04/</subfield>
<subfield code="a">&#21271;&#20140; :</subfield>
<subfield code="b">&#31185;&#23398;&#20986;&#29256;&#31038;,</subfield>
<subfield code="c">2016.</subfield>
</datafield>
<datafield tag="880" ind1=" " ind2="4">
<subfield code="6">651-05/</subfield>
<subfield code="a">&#21477;&#23481;&#21439; (China)</subfield>
<subfield code="x">Antiquities.</subfield>
</datafield>
<datafield tag="880" ind1="2" ind2=" ">
<subfield code="6">710-06/</subfield>
<subfield code="a">&#21335;&#20140;&#21338;&#29289;&#38498;,</subfield>
<subfield code="e">editor.</subfield>
</datafield>
<datafield tag="880" ind1="2" ind2=" ">
<subfield code="6">710-07/</subfield>
<subfield code="a">&#38215;&#27743;&#21338;&#29289;&#39302;,</subfield>
<subfield code="e">editor.</subfield>
</datafield>
<datafield tag="880" ind1="2" ind2=" ">
<subfield code="6">710-08/</subfield>
<subfield code="a">&#21477;&#23481;&#24066;&#21338;&#29289;&#39302;,</subfield>
<subfield code="e">editor.</subfield>
</datafield>
<datafield tag="OWN" ind1=" " ind2=" ">
<subfield code="a">GENERAL</subfield>
</datafield>
<datafield tag="AVA" ind1=" " ind2=" ">
<subfield code="a">NYU50</subfield>
<subfield code="b">NISAW</subfield>
<subfield code="c">Large Collection</subfield>
<subfield code="d">DS797.56.J81 J786 2016 Non-circulating</subfield>
<subfield code="e">available</subfield>
<subfield code="t">Available</subfield>
<subfield code="f">1</subfield>
<subfield code="g">0</subfield>
<subfield code="h">N</subfield>
<subfield code="i">0</subfield>
<subfield code="j">LARGE</subfield>
<subfield code="k">0</subfield>
</datafield>
</record>