<record xmlns="http://www.loc.gov/MARC21/slim" xmlns:xsi="http://www.w3.org/2001/XMLSchema-instance" xsi:schemaLocation="http://www.loc.gov/MARC21/slim http://www.loc.gov/standards/marcxml/schema/MARC21slim.xsd">
<leader>00000cam a22     Ii 4500</leader>
<controlfield tag="FMT">BK</controlfield>
<controlfield tag="LDR">00000cam a22     Ii 4500</controlfield>
<controlfield tag="001">006060987</controlfield>
<controlfield tag="005">20180424110542.0</controlfield>
<controlfield tag="008">180424s2014    cc ab    b    000 0 chi d</controlfield>
<datafield tag="020" ind1=" " ind2=" ">
<subfield code="a">9787030424983</subfield>
</datafield>
<datafield tag="020" ind1=" " ind2=" ">
<subfield code="a">7030424980</subfield>
</datafield>
<datafield tag="035" ind1=" " ind2=" ">
<subfield code="a">(OCoLC)900178866</subfield>
</datafield>
<datafield tag="040" ind1=" " ind2=" ">
<subfield code="a">CNPIT</subfield>
<subfield code="b">eng</subfield>
<subfield code="e">rda</subfield>
<subfield code="c">CNPIT</subfield>
<subfield code="d">OCLCO</subfield>
<subfield code="d">JPG</subfield>
<subfield code="d">OCLCF</subfield>
<subfield code="d">YUS</subfield>
<subfield code="d">COO</subfield>
<subfield code="d">PAU</subfield>
<subfield code="d">OCLCQ</subfield>
<subfield code="d">ZYU</subfield>
</datafield>
<datafield tag="043" ind1=" " ind2=" ">
<subfield code="a">a-cc-ku</subfield>
</datafield>
<datafield tag="050" ind1=" " ind2="4">
<subfield code="a">DS797.56.Y365</subfield>
<subfield code="b">Y367 2014</subfield>
</datafield>
<datafield tag="245" ind1="0" ind2="0">
<subfield code="6">880-01</subfield>
<subfield code="a">Yangzhou Shugang gu dai cheng zhi kao gu kan tan bao gao /</subfield>
<subfield code="c">Zhongguo she hui ke xue yuan kao gu yan jiu suo, Nanjing bo wu yuan, Yangzhou Shi wen wu kao gu yan jiu suo, Luoyang Shi wen wu zuan tan guan li ban gong shi bian zhu.</subfield>
</datafield>
<datafield tag="250" ind1=" " ind2=" ">
<subfield code="6">880-02</subfield>
<subfield code="a">Di 1 ban.</subfield>
</datafield>
<datafield tag="264" ind1=" " ind2="1">
<subfield code="6">880-03</subfield>
<subfield code="a">Beijing :</subfield>
<subfield code="b">Ke xue chu ban she,</subfield>
<subfield code="c">2014.</subfield>
</datafield>
<datafield tag="300" ind1=" " ind2=" ">
<subfield code="a">xv, [220] pages :</subfield>
<subfield code="b">illustrations (some color), maps ;</subfield>
<subfield code="c">27 cm +</subfield>
<subfield code="e">1 folded chart</subfield>
</datafield>
<datafield tag="336" ind1=" " ind2=" ">
<subfield code="a">text</subfield>
<subfield code="b">txt</subfield>
<subfield code="2">rdacontent</subfield>
</datafield>
<datafield tag="337" ind1=" " ind2=" ">
<subfield code="a">unmediated</subfield>
<subfield code="b">n</subfield>
<subfield code="2">rdamedia</subfield>
</datafield>
<datafield tag="338" ind1=" " ind2=" ">
<subfield code="a">volume</subfield>
<subfield code="b">nc</subfield>
<subfield code="2">rdacarrier</subfield>
</datafield>
<datafield tag="504" ind1=" " ind2=" ">
<subfield code="a">Includes bibliographical references.</subfield>
</datafield>
<datafield tag="520" ind1=" " ind2=" ">
<subfield code="6">880-04</subfield>
<subfield code="a">&lt;Summary in Chinese field only&gt;</subfield>
</datafield>
<datafield tag="650" ind1=" " ind2="0">
<subfield code="6">880-05</subfield>
<subfield code="a">Excavations (Archaeology)</subfield>
<subfield code="z">China</subfield>
<subfield code="z">Yangzhou Shi.</subfield>
</datafield>
<datafield tag="651" ind1=" " ind2="0">
<subfield code="6">880-06</subfield>
<subfield code="a">Yangzhou Shi (China)</subfield>
<subfield code="x">Antiquities.</subfield>
</datafield>
<datafield tag="650" ind1=" " ind2="0">
<subfield code="6">880-07</subfield>
<subfield code="a">Historic sites</subfield>
<subfield code="x">Conservation and restoration</subfield>
<subfield code="z">China</subfield>
<subfield code="z">Yangzhou Shi.</subfield>
</datafield>
<datafield tag="650" ind1=" " ind2="7">
<subfield code="a">Antiquities.</subfield>
<subfield code="2">fast</subfield>
<subfield code="0">(OCoLC)fst00810745</subfield>
</datafield>
<datafield tag="650" ind1=" " ind2="7">
<subfield code="a">Excavations (Archaeology)</subfield>
<subfield code="2">fast</subfield>
<subfield code="0">(OCoLC)fst00917564</subfield>
</datafield>
<datafield tag="650" ind1=" " ind2="7">
<subfield code="a">Historic sites</subfield>
<subfield code="x">Conservation and restoration.</subfield>
<subfield code="2">fast</subfield>
<subfield code="0">(OCoLC)fst00957852</subfield>
</datafield>
<datafield tag="651" ind1=" " ind2="7">
<subfield code="a">China</subfield>
<subfield code="z">Yangzhou Shi.</subfield>
<subfield code="2">fast</subfield>
<subfield code="0">(OCoLC)fst01213832</subfield>
</datafield>
<datafield tag="650" ind1=" " ind2="4">
<subfield code="6">880-08</subfield>
<subfield code="a">Excavations (Archaeology)</subfield>
<subfield code="z">China</subfield>
<subfield code="z">Yangzhou Shi.</subfield>
</datafield>
<datafield tag="651" ind1=" " ind2="4">
<subfield code="6">880-09</subfield>
<subfield code="a">Yangzhou Shi (China)</subfield>
<subfield code="x">Antiquities.</subfield>
</datafield>
<datafield tag="650" ind1=" " ind2="4">
<subfield code="6">880-10</subfield>
<subfield code="a">Historic sites</subfield>
<subfield code="x">Conservation and restoration</subfield>
<subfield code="z">China</subfield>
<subfield code="z">Yangzhou Shi.</subfield>
</datafield>
<datafield tag="710" ind1="2" ind2=" ">
<subfield code="6">880-11</subfield>
<subfield code="a">Zhongguo she hui ke xue yuan.</subfield>
<subfield code="b">Kao gu yan jiu suo,</subfield>
<subfield code="e">editor.</subfield>
</datafield>
<datafield tag="710" ind1="2" ind2=" ">
<subfield code="6">880-12</subfield>
<subfield code="a">Nanjing bo wu yuan,</subfield>
<subfield code="e">editor.</subfield>
</datafield>
<datafield tag="710" ind1="2" ind2=" ">
<subfield code="6">880-13</subfield>
<subfield code="a">Yangzhou Shi wen wu kao gu yan jiu suo,</subfield>
<subfield code="e">editor.</subfield>
</datafield>
<datafield tag="710" ind1="2" ind2=" ">
<subfield code="6">880-14</subfield>
<subfield code="a">Luoyang Shi wen wu zuan tan guan li ban gong shi,</subfield>
<subfield code="e">editor.</subfield>
</datafield>
<datafield tag="880" ind1="0" ind2="0">
<subfield code="6">245-01/</subfield>
<subfield code="a">&#25196;&#24030;&#34560;&#23703;&#21476;&#20195;&#22478;&#22336;&#32771;&#21476;&#21208;&#25506;&#25253;&#21578; /</subfield>
<subfield code="c">&#20013;&#22269;&#31038;&#20250;&#31185;&#23398;&#38498;&#32771;&#21476;&#30740;&#31350;&#25152;, &#21335;&#20140;&#21338;&#29289;&#38498;, &#25196;&#24030;&#24066;&#25991;&#29289;&#32771;&#21476;&#30740;&#31350;&#25152;, &#27931;&#38451;&#24066;&#25991;&#29289;&#38075;&#25506;&#31649;&#29702;&#21150;&#20844;&#23460;&#32534;&#33879;.</subfield>
</datafield>
<datafield tag="880" ind1=" " ind2=" ">
<subfield code="6">250-02/</subfield>
<subfield code="a">&#31532;&#19968;&#29256;.</subfield>
</datafield>
<datafield tag="880" ind1=" " ind2="1">
<subfield code="6">264-03/</subfield>
<subfield code="a">&#21271;&#20140; :</subfield>
<subfield code="b">&#31185;&#23398;&#20986;&#29256;&#31038;,</subfield>
<subfield code="c">2014.</subfield>
</datafield>
<datafield tag="880" ind1=" " ind2=" ">
<subfield code="6">520-04/</subfield>
<subfield code="a">&#26412;&#20070;&#20026;&#25196;&#24030;&#34560;&#23703;&#21476;&#20195;&#22478;&#22336;&#22478;&#22741;&#30340;&#25972;&#27835;, &#22478;&#22741;&#22478;&#22681;&#20445;&#25252;&#35268;&#21010;&#26041;&#26696;&#30340;&#32534;&#21046;, &#25196;&#24030;&#22478;&#22269;&#23478;&#32771;&#21476;&#36951;&#22336;&#20844;&#22253;&#30340;&#24314;&#35774;&#31561;&#24037;&#20316;&#25552;&#20379;&#20102;&#31185;&#23398;&#32780;&#20934;&#30830;&#30340;&#22522;&#30784;&#36164;&#26009;.</subfield>
</datafield>
<datafield tag="880" ind1=" " ind2="4">
<subfield code="6">650-05/</subfield>
<subfield code="a">Excavations (Archaeology)</subfield>
<subfield code="z">China</subfield>
<subfield code="z">&#25196;&#24030;&#24066;.</subfield>
</datafield>
<datafield tag="880" ind1=" " ind2="4">
<subfield code="6">651-06/</subfield>
<subfield code="a">&#25196;&#24030;&#24066; (China)</subfield>
<subfield code="x">Antiquities.</subfield>
</datafield>
<datafield tag="880" ind1=" " ind2="4">
<subfield code="6">650-07/</subfield>
<subfield code="a">Historic sites</subfield>
<subfield code="x">Conservation and restoration</subfield>
<subfield code="z">China</subfield>
<subfield code="z">&#25196;&#24030;&#24066;.</subfield>
</datafield>
<datafield tag="880" ind1=" " ind2="4">
<subfield code="6">650-08/</subfield>
<subfield code="a">Excavations (Archaeology)</subfield>
<subfield code="z">China</subfield>
<subfield code="z">&#25196;&#24030;&#24066;.</subfield>
</datafield>
<datafield tag="880" ind1=" " ind2="4">
<subfield code="6">651-09/</subfield>
<subfield code="a">&#25196;&#24030;&#24066; (China)</subfield>
<subfield code="x">Antiquities.</subfield>
</datafield>
<datafield tag="880" ind1=" " ind2="4">
<subfield code="6">650-10/</subfield>
<subfield code="a">Historic sites</subfield>
<subfield code="x">Conservation and restoration</subfield>
<subfield code="z">China</subfield>
<subfield code="z">&#25196;&#24030;&#24066;.</subfield>
</datafield>
<datafield tag="880" ind1="2" ind2=" ">
<subfield code="6">710-11/</subfield>
<subfield code="a">&#20013;&#22269;&#31038;&#20250;&#31185;&#23398;&#38498;.</subfield>
<subfield code="b">&#32771;&#21476;&#30740;&#31350;&#25152;,</subfield>
<subfield code="e">editor.</subfield>
</datafield>
<datafield tag="880" ind1="2" ind2=" ">
<subfield code="6">710-12/</subfield>
<subfield code="a">&#21335;&#20140;&#21338;&#29289;&#38498;,</subfield>
<subfield code="e">editor.</subfield>
</datafield>
<datafield tag="880" ind1="2" ind2=" ">
<subfield code="6">710-13/</subfield>
<subfield code="a">&#26472;&#24030;&#24066;&#25991;&#29289;&#32771;&#21476;&#30740;&#31350;&#25152;,</subfield>
<subfield code="e">editor.</subfield>
</datafield>
<datafield tag="880" ind1="2" ind2=" ">
<subfield code="6">710-14/</subfield>
<subfield code="a">&#27931;&#38451;&#24066;&#25991;&#29289;&#25506;&#38075;&#25506;&#31649;&#29702;&#21150;&#20844;&#23460;,</subfield>
<subfield code="e">editor.</subfield>
</datafield>
<datafield tag="OWN" ind1=" " ind2=" ">
<subfield code="a">GENERAL</subfield>
</datafield>
<datafield tag="AVA" ind1=" " ind2=" ">
<subfield code="a">NYU50</subfield>
<subfield code="b">NISAW</subfield>
<subfield code="c">Large Collection</subfield>
<subfield code="d">DS797.56.Y365 Y367 2014 Non-circulating</subfield>
<subfield code="e">available</subfield>
<subfield code="t">Available</subfield>
<subfield code="f">1</subfield>
<subfield code="g">0</subfield>
<subfield code="h">N</subfield>
<subfield code="i">0</subfield>
<subfield code="j">LARGE</subfield>
<subfield code="k">0</subfield>
</datafield>
</record>