<record xmlns="http://www.loc.gov/MARC21/slim" xmlns:xsi="http://www.w3.org/2001/XMLSchema-instance" xsi:schemaLocation="http://www.loc.gov/MARC21/slim http://www.loc.gov/standards/marcxml/schema/MARC21slim.xsd">
<leader>00000cam a22     Ii 4500</leader>
<controlfield tag="FMT">BK</controlfield>
<controlfield tag="LDR">00000cam a22     Ii 4500</controlfield>
<controlfield tag="001">006060997</controlfield>
<controlfield tag="005">20180424121318.0</controlfield>
<controlfield tag="008">180424s2016    cc abf        000 0 chi d</controlfield>
<datafield tag="020" ind1=" " ind2=" ">
<subfield code="a">9787030496836</subfield>
</datafield>
<datafield tag="020" ind1=" " ind2=" ">
<subfield code="a">7030496833</subfield>
</datafield>
<datafield tag="035" ind1=" " ind2=" ">
<subfield code="a">(OCoLC)969571123</subfield>
</datafield>
<datafield tag="040" ind1=" " ind2=" ">
<subfield code="a">BCBTC</subfield>
<subfield code="b">eng</subfield>
<subfield code="e">rda</subfield>
<subfield code="c">BCBTC</subfield>
<subfield code="d">OCLCO</subfield>
<subfield code="d">CLU</subfield>
<subfield code="d">OCLCF</subfield>
<subfield code="d">YUS</subfield>
<subfield code="d">HUA</subfield>
<subfield code="d">PAU</subfield>
<subfield code="d">OCLCQ</subfield>
</datafield>
<datafield tag="043" ind1=" " ind2=" ">
<subfield code="a">a-cc---</subfield>
</datafield>
<datafield tag="050" ind1=" " ind2="4">
<subfield code="a">DS797.77.F56</subfield>
<subfield code="b">F464 2016</subfield>
</datafield>
<datafield tag="245" ind1="0" ind2="0">
<subfield code="6">880-01</subfield>
<subfield code="a">Fengjie Yingpanbao mu di /</subfield>
<subfield code="c">Chongqing Shi wen wu ju, Chongqing Shi yi min ju bian = The Yingpanbao burial site in Fengjie, Chongqing / Cultural Relics and Heritage Bureau of Chongqing &amp; Resettlement Bureau of Chongqing.</subfield>
</datafield>
<datafield tag="246" ind1="3" ind2="1">
<subfield code="a">Yingpanbao burial site in Fengjie, Chongqing</subfield>
</datafield>
<datafield tag="250" ind1=" " ind2=" ">
<subfield code="6">880-02</subfield>
<subfield code="a">Di yi ban.</subfield>
</datafield>
<datafield tag="264" ind1=" " ind2="1">
<subfield code="6">880-03</subfield>
<subfield code="a">Beijing :</subfield>
<subfield code="b">Ke xue chu ban she,</subfield>
<subfield code="c">2016.</subfield>
</datafield>
<datafield tag="300" ind1=" " ind2=" ">
<subfield code="a">xii, 216 pages, 48 unnumbered pages of plates, 1 unnumbered folded leaf :</subfield>
<subfield code="b">illustrations (some color), maps ;</subfield>
<subfield code="c">31 cm.</subfield>
</datafield>
<datafield tag="336" ind1=" " ind2=" ">
<subfield code="a">text</subfield>
<subfield code="b">txt</subfield>
<subfield code="2">rdacontent</subfield>
</datafield>
<datafield tag="337" ind1=" " ind2=" ">
<subfield code="a">unmediated</subfield>
<subfield code="b">n</subfield>
<subfield code="2">rdamedia</subfield>
</datafield>
<datafield tag="338" ind1=" " ind2=" ">
<subfield code="a">volume</subfield>
<subfield code="b">nc</subfield>
<subfield code="2">rdacarrier</subfield>
</datafield>
<datafield tag="490" ind1="1" ind2=" ">
<subfield code="6">880-04</subfield>
<subfield code="a">Changjiang Sanxia gong cheng wen wu bao hu xiang mu bao gao. Yi zhong ;</subfield>
<subfield code="v">Di 28 hao =</subfield>
<subfield code="a">Report on the cultural relics conservation in the Three Gorges Dam Project. B (site report) ;</subfield>
<subfield code="v">vol. 28</subfield>
</datafield>
<datafield tag="650" ind1=" " ind2="0">
<subfield code="a">Tombs</subfield>
<subfield code="z">China</subfield>
<subfield code="z">Fengjie Xian.</subfield>
</datafield>
<datafield tag="650" ind1=" " ind2="0">
<subfield code="a">Excavations (Archaeology)</subfield>
<subfield code="z">China</subfield>
<subfield code="z">Fengjie Xian.</subfield>
</datafield>
<datafield tag="651" ind1=" " ind2="0">
<subfield code="6">880-05</subfield>
<subfield code="a">Fengjie Xian (China)</subfield>
<subfield code="x">Antiquities.</subfield>
</datafield>
<datafield tag="650" ind1=" " ind2="7">
<subfield code="a">Antiquities.</subfield>
<subfield code="2">fast</subfield>
<subfield code="0">(OCoLC)fst00810745</subfield>
</datafield>
<datafield tag="650" ind1=" " ind2="7">
<subfield code="a">Excavations (Archaeology)</subfield>
<subfield code="2">fast</subfield>
<subfield code="0">(OCoLC)fst00917564</subfield>
</datafield>
<datafield tag="650" ind1=" " ind2="7">
<subfield code="a">Tombs.</subfield>
<subfield code="2">fast</subfield>
<subfield code="0">(OCoLC)fst01152439</subfield>
</datafield>
<datafield tag="651" ind1=" " ind2="7">
<subfield code="a">China</subfield>
<subfield code="z">Fengjie Xian.</subfield>
<subfield code="2">fast</subfield>
<subfield code="0">(OCoLC)fst01232141</subfield>
</datafield>
<datafield tag="651" ind1=" " ind2="4">
<subfield code="6">880-06</subfield>
<subfield code="a">Fengjie Xian (China)</subfield>
<subfield code="x">Antiquities.</subfield>
</datafield>
<datafield tag="710" ind1="1" ind2=" ">
<subfield code="6">880-07</subfield>
<subfield code="a">Chongqing (China).</subfield>
<subfield code="b">Wen wu ju,</subfield>
<subfield code="e">editor.</subfield>
</datafield>
<datafield tag="710" ind1="1" ind2=" ">
<subfield code="6">880-08</subfield>
<subfield code="a">Chongqing (China).</subfield>
<subfield code="b">Yi min ju,</subfield>
<subfield code="e">editor.</subfield>
</datafield>
<datafield tag="880" ind1="0" ind2="0">
<subfield code="6">245-01/</subfield>
<subfield code="a">&#22857;&#33410;&#33829;&#30424;&#21253;&#22675;&#22320; /</subfield>
<subfield code="c">&#37325;&#24198;&#24066;&#25991;&#29289;&#23616;, &#37325;&#24198;&#24066;&#31227;&#27665;&#23616;&#32534; = The Yingpanbao burial site in Fengjie, Chongqing / Cultural Relics and Heritage Bureau of Chongqing &amp; Resettlement Bureau of Chongqing.</subfield>
</datafield>
<datafield tag="880" ind1=" " ind2=" ">
<subfield code="6">250-02/</subfield>
<subfield code="a">&#31532;&#19968;&#29256;.</subfield>
</datafield>
<datafield tag="880" ind1=" " ind2="1">
<subfield code="6">264-03/</subfield>
<subfield code="a">&#21271;&#20140; :</subfield>
<subfield code="b">&#31185;&#23398;&#20986;&#29256;&#31038;,</subfield>
<subfield code="c">2016.</subfield>
</datafield>
<datafield tag="880" ind1="1" ind2=" ">
<subfield code="6">490-04/</subfield>
<subfield code="a">&#38271;&#27743;&#19977;&#23777;&#24037;&#31243;&#25991;&#29289;&#20445;&#25252;&#39033;&#30446;&#25253;&#21578;. &#20057;&#31181; ;</subfield>
<subfield code="v">&#31532;28&#21495; =</subfield>
<subfield code="a">Report on the cultural relics conservation in the Three Gorges Dam Project. B (site report) ;</subfield>
<subfield code="v">vol. 28</subfield>
</datafield>
<datafield tag="880" ind1=" " ind2="4">
<subfield code="6">651-05/</subfield>
<subfield code="a">&#22857;&#33410;&#21439; (China)</subfield>
<subfield code="x">Antiquities.</subfield>
</datafield>
<datafield tag="880" ind1=" " ind2="4">
<subfield code="6">651-06/</subfield>
<subfield code="a">&#22857;&#33410;&#21439; (China)</subfield>
<subfield code="x">Antiquities.</subfield>
</datafield>
<datafield tag="880" ind1="1" ind2=" ">
<subfield code="6">710-07/</subfield>
<subfield code="a">&#37325;&#24198; (China).</subfield>
<subfield code="b">&#25991;&#29289;&#23616;,</subfield>
<subfield code="e">editor.</subfield>
</datafield>
<datafield tag="880" ind1="1" ind2=" ">
<subfield code="6">710-08/</subfield>
<subfield code="a">&#37325;&#24198;(China).</subfield>
<subfield code="b">&#31227;&#27665;&#23616;,</subfield>
<subfield code="e">editor.</subfield>
</datafield>
<datafield tag="830" ind1=" " ind2="0">
<subfield code="6">880-09</subfield>
<subfield code="a">Chang Jiang San Xia gong cheng wen wu bao hu xiang mu bao gao.</subfield>
<subfield code="n">Yi zhong ;</subfield>
<subfield code="v">Di 28 hao.</subfield>
</datafield>
<datafield tag="880" ind1=" " ind2="0">
<subfield code="6">830-09/</subfield>
<subfield code="a">&#38271;&#27743;&#19977;&#23777;&#24037;&#31243;&#25991;&#29289;&#20445;&#25252;&#39033;&#30446;&#25253;&#21578;.</subfield>
<subfield code="n">&#20057;&#31181; ;</subfield>
<subfield code="v">&#31532;28&#21495;.</subfield>
</datafield>
<datafield tag="OWN" ind1=" " ind2=" ">
<subfield code="a">GENERAL</subfield>
</datafield>
<datafield tag="AVA" ind1=" " ind2=" ">
<subfield code="a">NYU50</subfield>
<subfield code="b">NISAW</subfield>
<subfield code="c">Large Collection</subfield>
<subfield code="d">DS797.77.F56 F464 2016 Non-circulating</subfield>
<subfield code="e">available</subfield>
<subfield code="t">Available</subfield>
<subfield code="f">1</subfield>
<subfield code="g">0</subfield>
<subfield code="h">N</subfield>
<subfield code="i">0</subfield>
<subfield code="j">LARGE</subfield>
<subfield code="k">0</subfield>
</datafield>
</record>