<record xmlns="http://www.loc.gov/MARC21/slim" xmlns:xsi="http://www.w3.org/2001/XMLSchema-instance" xsi:schemaLocation="http://www.loc.gov/MARC21/slim http://www.loc.gov/standards/marcxml/schema/MARC21slim.xsd">
<leader>00000cam a22      i 4500</leader>
<controlfield tag="FMT">BK</controlfield>
<controlfield tag="LDR">00000cam a22      i 4500</controlfield>
<controlfield tag="001">006060988</controlfield>
<controlfield tag="005">20180424111750.0</controlfield>
<controlfield tag="008">180424s2016    cc abf   b    000 0 chi d</controlfield>
<datafield tag="010" ind1=" " ind2=" ">
<subfield code="a">  2017383059</subfield>
</datafield>
<datafield tag="020" ind1=" " ind2=" ">
<subfield code="a">9787030495099</subfield>
</datafield>
<datafield tag="020" ind1=" " ind2=" ">
<subfield code="a">7030495098</subfield>
</datafield>
<datafield tag="035" ind1=" " ind2=" ">
<subfield code="a">(OCoLC)960709381</subfield>
</datafield>
<datafield tag="040" ind1=" " ind2=" ">
<subfield code="a">BCBTC</subfield>
<subfield code="b">eng</subfield>
<subfield code="e">rda</subfield>
<subfield code="c">DLC</subfield>
<subfield code="d">BCBTC</subfield>
<subfield code="d">WTU</subfield>
<subfield code="d">CNPIT</subfield>
<subfield code="d">MZA</subfield>
<subfield code="d">HUH</subfield>
<subfield code="d">OCLCQ</subfield>
<subfield code="d">OCLCF</subfield>
<subfield code="d">XFF</subfield>
</datafield>
<datafield tag="042" ind1=" " ind2=" ">
<subfield code="a">lccopycat</subfield>
</datafield>
<datafield tag="043" ind1=" " ind2=" ">
<subfield code="a">a-cc-su</subfield>
</datafield>
<datafield tag="050" ind1="0" ind2="0">
<subfield code="a">DS797.84.H455</subfield>
<subfield code="b">X56 2016</subfield>
</datafield>
<datafield tag="245" ind1="0" ind2="0">
<subfield code="6">880-01</subfield>
<subfield code="a">Xinjiang Mohuchahan mu di /</subfield>
<subfield code="c">Xinjiang Weiwuer Zizhiqu wen wu kao gu yan jiu suo bian zhu.</subfield>
</datafield>
<datafield tag="250" ind1=" " ind2=" ">
<subfield code="6">880-02</subfield>
<subfield code="a">Di 1 ban.</subfield>
</datafield>
<datafield tag="264" ind1=" " ind2="1">
<subfield code="6">880-03</subfield>
<subfield code="a">Beijing :</subfield>
<subfield code="b">Ke xue chu ban she,</subfield>
<subfield code="c">2016.</subfield>
</datafield>
<datafield tag="300" ind1=" " ind2=" ">
<subfield code="a">xviii, 398 pages, 192 pages of plates :</subfield>
<subfield code="b">illustrations (some color), maps ;</subfield>
<subfield code="c">29 cm.</subfield>
</datafield>
<datafield tag="336" ind1=" " ind2=" ">
<subfield code="a">text</subfield>
<subfield code="b">txt</subfield>
<subfield code="2">rdacontent</subfield>
</datafield>
<datafield tag="337" ind1=" " ind2=" ">
<subfield code="a">unmediated</subfield>
<subfield code="b">n</subfield>
<subfield code="2">rdamedia</subfield>
</datafield>
<datafield tag="338" ind1=" " ind2=" ">
<subfield code="a">volume</subfield>
<subfield code="b">nc</subfield>
<subfield code="2">rdacarrier</subfield>
</datafield>
<datafield tag="490" ind1="1" ind2=" ">
<subfield code="6">880-04</subfield>
<subfield code="a">Xinjiang Weiwuer Zizhiqu wen wu kao gu yan jiu suo cong kan ;</subfield>
<subfield code="v">7</subfield>
</datafield>
<datafield tag="504" ind1=" " ind2=" ">
<subfield code="a">Includes bibliographical references.</subfield>
</datafield>
<datafield tag="520" ind1=" " ind2=" ">
<subfield code="6">880-05</subfield>
<subfield code="a">Ben shu shi guan yu Xinjiang Hejing Mohuchahan mu di de kao gu bao gao. Gai di qu fa jue chu tu le qing tong shi dai he Han dai de mu zang jin 250 zuo, chu tu le tao qi, qing tong qi ji bu fen mu qi, gu jiao qi, shi qi, jin qi, bei ke qi deng zhong duo sui zang pin, dui yu liao jie Hejing di qu de Han Jin yi qian de wen hua qing kuang ti gong le feng fu de zi liao.</subfield>
</datafield>
<datafield tag="650" ind1=" " ind2="0">
<subfield code="a">Excavations (Archaeology)</subfield>
<subfield code="z">China</subfield>
<subfield code="z">Hejing Xian (Xinjiang Uygur Zizhiqu)</subfield>
</datafield>
<datafield tag="650" ind1=" " ind2="0">
<subfield code="a">Tombs</subfield>
<subfield code="z">China</subfield>
<subfield code="z">Hejing Xian (Xinjiang Uygur Zizhiqu)</subfield>
</datafield>
<datafield tag="651" ind1=" " ind2="0">
<subfield code="a">Xinjiang Uygur Zizhiqu (China)</subfield>
<subfield code="x">Antiquities.</subfield>
</datafield>
<datafield tag="650" ind1=" " ind2="7">
<subfield code="a">Antiquities.</subfield>
<subfield code="2">fast</subfield>
<subfield code="0">(OCoLC)fst00810745</subfield>
</datafield>
<datafield tag="650" ind1=" " ind2="7">
<subfield code="a">Excavations (Archaeology)</subfield>
<subfield code="2">fast</subfield>
<subfield code="0">(OCoLC)fst00917564</subfield>
</datafield>
<datafield tag="650" ind1=" " ind2="7">
<subfield code="a">Tombs.</subfield>
<subfield code="2">fast</subfield>
<subfield code="0">(OCoLC)fst01152439</subfield>
</datafield>
<datafield tag="651" ind1=" " ind2="7">
<subfield code="a">China</subfield>
<subfield code="z">Hejing Xian (Xinjiang Uygur Zizhiqu)</subfield>
<subfield code="2">fast</subfield>
<subfield code="0">(OCoLC)fst01322741</subfield>
</datafield>
<datafield tag="651" ind1=" " ind2="7">
<subfield code="a">China</subfield>
<subfield code="z">Xinjiang Uygur Zizhiqu.</subfield>
<subfield code="2">fast</subfield>
<subfield code="0">(OCoLC)fst01212006</subfield>
</datafield>
<datafield tag="710" ind1="2" ind2=" ">
<subfield code="6">880-06</subfield>
<subfield code="a">Xinjiang wen wu kao gu yan jiu suo,</subfield>
<subfield code="e">editor.</subfield>
</datafield>
<datafield tag="880" ind1="0" ind2="0">
<subfield code="6">245-01/</subfield>
<subfield code="a">&#26032;&#30086;&#33707;&#21628;&#26597;&#27735;&#22675;&#22320; /</subfield>
<subfield code="c">&#26032;&#30086;&#32500;&#21566;&#23572;&#33258;&#27835;&#21306;&#25991;&#29289;&#32771;&#21476;&#30740;&#31350;&#25152;&#32534;&#33879;.</subfield>
</datafield>
<datafield tag="880" ind1=" " ind2=" ">
<subfield code="6">250-02/</subfield>
<subfield code="a">&#31532;1&#29256;.</subfield>
</datafield>
<datafield tag="880" ind1=" " ind2="1">
<subfield code="6">264-03/</subfield>
<subfield code="a">&#21271;&#20140; :</subfield>
<subfield code="b">&#31185;&#23398;&#20986;&#29256;&#31038;,</subfield>
<subfield code="c">2016.</subfield>
</datafield>
<datafield tag="880" ind1="1" ind2=" ">
<subfield code="6">490-04/</subfield>
<subfield code="a">&#26032;&#30086;&#32500;&#21566;&#23572;&#33258;&#27835;&#21306;&#25991;&#29289;&#32771;&#21476;&#30740;&#31350;&#25152;&#19995;&#21002; ;</subfield>
<subfield code="v">7</subfield>
</datafield>
<datafield tag="880" ind1=" " ind2=" ">
<subfield code="6">520-05/</subfield>
<subfield code="a">&#26412;&#20070;&#26159;&#20851;&#20110;&#26032;&#30086;&#21644;&#38745;&#33707;&#21628;&#26597;&#27735;&#22675;&#22320;&#30340;&#32771;&#21476;&#25253;&#21578;. &#35813;&#22320;&#21306;&#21457;&#25496;&#20986;&#22303;&#20102;&#38738;&#38108;&#26102;&#20195;&#21644;&#27721;&#20195;&#30340;&#22675;&#33900;&#36817;250&#24231;, &#20986;&#22303;&#20102;&#38518;&#22120;, &#38738;&#38108;&#22120;&#21450;&#37096;&#20998;&#26408;&#22120;, &#39592;&#35282;&#22120;, &#30707;&#22120;, &#37329;&#22120;, &#36125;&#22771;&#22120;&#31561;&#20247;&#22810;&#38543;&#33900;&#21697;, &#23545;&#20110;&#20102;&#35299;&#21644;&#38745;&#22320;&#21306;&#30340;&#27721;&#26187;&#20197;&#21069;&#30340;&#25991;&#21270;&#24773;&#20917;&#25552;&#20379;&#20102;&#20016;&#23500;&#30340;&#36164;&#26009;.</subfield>
</datafield>
<datafield tag="880" ind1="2" ind2=" ">
<subfield code="6">710-06/</subfield>
<subfield code="a">&#26032;&#30086;&#25991;&#29289;&#32771;&#21476;&#30740;&#31350;&#25152;,</subfield>
<subfield code="e">editor.</subfield>
</datafield>
<datafield tag="830" ind1=" " ind2="0">
<subfield code="6">880-07</subfield>
<subfield code="a">Xinjiang Weiwu'er Zizhiqu wen wu kao gu yan jiu suo cong kan ;</subfield>
<subfield code="v">7.</subfield>
</datafield>
<datafield tag="880" ind1=" " ind2="0">
<subfield code="6">830-07/</subfield>
<subfield code="a">&#26032;&#30086;&#32500;&#21566;&#23572;&#33258;&#27835;&#21306;&#25991;&#29289;&#32771;&#21476;&#30740;&#31350;&#25152;&#19995;&#21002; ;</subfield>
<subfield code="v">7.</subfield>
</datafield>
<datafield tag="OWN" ind1=" " ind2=" ">
<subfield code="a">GENERAL</subfield>
</datafield>
<datafield tag="AVA" ind1=" " ind2=" ">
<subfield code="a">NYU50</subfield>
<subfield code="b">NISAW</subfield>
<subfield code="c">Large Collection</subfield>
<subfield code="d">DS797.84.H455 X56 2016 Non-circulating</subfield>
<subfield code="e">available</subfield>
<subfield code="t">Available</subfield>
<subfield code="f">1</subfield>
<subfield code="g">0</subfield>
<subfield code="h">N</subfield>
<subfield code="i">0</subfield>
<subfield code="j">LARGE</subfield>
<subfield code="k">0</subfield>
</datafield>
</record>