<record xmlns="http://www.loc.gov/MARC21/slim" xmlns:xsi="http://www.w3.org/2001/XMLSchema-instance" xsi:schemaLocation="http://www.loc.gov/MARC21/slim http://www.loc.gov/standards/marcxml/schema/MARC21slim.xsd">
<leader>00000cam a2200337 a 4500</leader>
<controlfield tag="FMT">BK</controlfield>
<controlfield tag="LDR">00000cam a2200337 a 4500</controlfield>
<controlfield tag="001">002074572</controlfield>
<controlfield tag="003">NNU</controlfield>
<controlfield tag="005">20180412140949.0</controlfield>
<controlfield tag="008">930609s1937    enkbj    b    001 0 eng d</controlfield>
<datafield tag="010" ind1=" " ind2=" ">
<subfield code="a">38011503</subfield>
</datafield>
<datafield tag="035" ind1=" " ind2=" ">
<subfield code="a">(CStRLIN)NYUG93-B26961</subfield>
</datafield>
<datafield tag="035" ind1=" " ind2=" ">
<subfield code="a">GLIS010292108</subfield>
</datafield>
<datafield tag="035" ind1="9" ind2=" ">
<subfield code="a">NYUb11029210</subfield>
</datafield>
<datafield tag="040" ind1=" " ind2=" ">
<subfield code="c">PU</subfield>
<subfield code="d">PU</subfield>
<subfield code="d">NNU</subfield>
</datafield>
<datafield tag="041" ind1="1" ind2=" ">
<subfield code="a">eng</subfield>
<subfield code="h">per</subfield>
<subfield code="h">rus</subfield>
</datafield>
<datafield tag="043" ind1=" " ind2=" ">
<subfield code="a">a------</subfield>
<subfield code="a">aw-----</subfield>
</datafield>
<datafield tag="050" ind1="0" ind2=" ">
<subfield code="a">PJ709</subfield>
<subfield code="b">.G62 vol.11</subfield>
</datafield>
<datafield tag="050" ind1=" " ind2="4">
<subfield code="a">G90</subfield>
<subfield code="b">.H813 1937</subfield>
</datafield>
<datafield tag="079" ind1=" " ind2=" ">
<subfield code="a">(OCoLC)872585924</subfield>
</datafield>
<datafield tag="082" ind1="0" ind2=" ">
<subfield code="a">910</subfield>
<subfield code="a">892.708</subfield>
</datafield>
<datafield tag="130" ind1="0" ind2=" ">
<subfield code="a">&#7716;ud&#363;d al-&#699;&#256;lam.</subfield>
<subfield code="l">English</subfield>
</datafield>
<datafield tag="245" ind1="1" ind2="0">
<subfield code="a">&#7716;ud&#363;d al-&#699;&#256;lam =</subfield>
<subfield code="b">"The regions of the world" : a Persian geography 372 A.H.-982 A.D. /</subfield>
<subfield code="c">translated and explained by V. Minorsky ; with the preface by V.V. Barthold, translated from the Russian.</subfield>
</datafield>
<datafield tag="246" ind1="3" ind2="1">
<subfield code="a">Regions of the world:</subfield>
<subfield code="b">a Persian geography 372 A.H.-982 A.D.</subfield>
</datafield>
<datafield tag="246" ind1="3" ind2="8">
<subfield code="a">&#7716;ud&#363;d al-&#699;&#256;lam:</subfield>
<subfield code="b">translation and commentary</subfield>
</datafield>
<datafield tag="260" ind1=" " ind2=" ">
<subfield code="a">Oxford :</subfield>
<subfield code="b">Printed at the University Press for the Trustees of the "E.J.W. Gibb memorial";</subfield>
<subfield code="a">London :</subfield>
<subfield code="b">Luzac &amp; Co.,</subfield>
<subfield code="c">1937.</subfield>
</datafield>
<datafield tag="300" ind1=" " ind2=" ">
<subfield code="a">xx, 524 p. :</subfield>
<subfield code="b">geneal. tables, maps ;</subfield>
<subfield code="c">26 cm.</subfield>
</datafield>
<datafield tag="490" ind1="1" ind2=" ">
<subfield code="a">E.J.W. Gibb memorial new series ;</subfield>
<subfield code="v">11</subfield>
</datafield>
<datafield tag="500" ind1=" " ind2=" ">
<subfield code="a">"... Geographical work called &#7716;ud&#363;d al-&#699;&#256;lam, i.e. "The regions of the world", was compiled in 372/982-3 and dedicated to the Am&#299;r Abul-&#7716;&#257;rith Mu&#7717;ammad b. A&#7717;mad, of the local Far&#299;gh&#363;nid dynasty which ruled in G&#363;zg&#257;n&#257;n in what is now northern Afgh&#257;nist&#257;n"--P. [vii].</subfield>
</datafield>
<datafield tag="500" ind1=" " ind2=" ">
<subfield code="a">"Illustrated by twelve maps"--T.p.</subfield>
</datafield>
<datafield tag="500" ind1=" " ind2=" ">
<subfield code="a">ISAW copy is from the library of Nina Garso&#239;an.</subfield>
<subfield code="5">NyNyUAW</subfield>
</datafield>
<datafield tag="504" ind1=" " ind2=" ">
<subfield code="a">Includes bibliographical references and indexes.</subfield>
</datafield>
<datafield tag="546" ind1=" " ind2=" ">
<subfield code="a">Text chiefly in English; V.V. Barthold's preface translated from the Russian; &#7716;ud&#363;d al-&#699;&#256;lam = "The Regions of the world" is a complete translation of the text from the Persian; commentary on the &#7716;ud&#363;d al-&#699;&#256;lam in English.</subfield>
</datafield>
<datafield tag="650" ind1=" " ind2="0">
<subfield code="a">Geography, Medieval</subfield>
<subfield code="v">Early works to 1800.</subfield>
</datafield>
<datafield tag="651" ind1=" " ind2="0">
<subfield code="a">Middle East</subfield>
<subfield code="x">Description and travel</subfield>
<subfield code="v">Early works to 1800.</subfield>
</datafield>
<datafield tag="651" ind1=" " ind2="0">
<subfield code="a">Middle East</subfield>
<subfield code="x">Geography</subfield>
<subfield code="v">Early works to 1800.</subfield>
</datafield>
<datafield tag="651" ind1=" " ind2="0">
<subfield code="a">Asia</subfield>
<subfield code="x">Description and travel</subfield>
<subfield code="v">Early works to 1800.</subfield>
</datafield>
<datafield tag="700" ind1="1" ind2=" ">
<subfield code="a">Bartol&#697;d, V. V.</subfield>
<subfield code="q">(Vasili&#301; Vladimirovich),</subfield>
<subfield code="d">1869-1930.</subfield>
</datafield>
<datafield tag="700" ind1="1" ind2=" ">
<subfield code="a">Minorsky, Vladimir,</subfield>
<subfield code="d">1877-1966.</subfield>
</datafield>
<datafield tag="700" ind1="1" ind2=" ">
<subfield code="a">Garso&#239;an, Nina G.,</subfield>
<subfield code="d">1923-</subfield>
<subfield code="e">former owner.</subfield>
<subfield code="5">NyNyUAW</subfield>
</datafield>
<datafield tag="740" ind1="0" ind2=" ">
<subfield code="a">Garso&#239;an Collection.</subfield>
<subfield code="5">NyNyUAW</subfield>
</datafield>
<datafield tag="830" ind1=" " ind2="0">
<subfield code="a">"E.J.W. Gibb memorial" series ;</subfield>
<subfield code="v">11.</subfield>
</datafield>
<datafield tag="OWN" ind1=" " ind2=" ">
<subfield code="a">GENERAL</subfield>
</datafield>
<datafield tag="AVA" ind1=" " ind2=" ">
<subfield code="a">NYU50</subfield>
<subfield code="b">NIFA</subfield>
<subfield code="c">Main Collection</subfield>
<subfield code="d">G90 .H883 Non-circulating</subfield>
<subfield code="e">unavailable</subfield>
<subfield code="t">Unavailable</subfield>
<subfield code="f">1</subfield>
<subfield code="g">1</subfield>
<subfield code="h">N</subfield>
<subfield code="i">0</subfield>
<subfield code="j">MAIN</subfield>
<subfield code="k">0</subfield>
</datafield>
<datafield tag="AVA" ind1=" " ind2=" ">
<subfield code="a">NYU50</subfield>
<subfield code="b">NISAW</subfield>
<subfield code="c">Small Collection</subfield>
<subfield code="d">G90 .H813 1937 Non-circulating</subfield>
<subfield code="e">available</subfield>
<subfield code="t">Available</subfield>
<subfield code="f">1</subfield>
<subfield code="g">0</subfield>
<subfield code="h">N</subfield>
<subfield code="i">0</subfield>
<subfield code="j">SMALL</subfield>
<subfield code="k">0</subfield>
</datafield>
</record>