<record xmlns="http://www.loc.gov/MARC21/slim" xmlns:xsi="http://www.w3.org/2001/XMLSchema-instance" xsi:schemaLocation="http://www.loc.gov/MARC21/slim http://www.loc.gov/standards/marcxml/schema/MARC21slim.xsd">
<leader>00000cam a22      a 4500</leader>
<controlfield tag="FMT">BK</controlfield>
<controlfield tag="LDR">00000cam a22      a 4500</controlfield>
<controlfield tag="001">006056029</controlfield>
<controlfield tag="005">20180418153213.0</controlfield>
<controlfield tag="008">180410s2006    gw abef  b    000 0 eng c</controlfield>
<datafield tag="015" ind1=" " ind2=" ">
<subfield code="a">09,B14,0911</subfield>
<subfield code="2">dnb</subfield>
</datafield>
<datafield tag="016" ind1="7" ind2=" ">
<subfield code="a">987491172</subfield>
<subfield code="2">DE-101</subfield>
</datafield>
<datafield tag="020" ind1=" " ind2=" ">
<subfield code="a">3980757862</subfield>
</datafield>
<datafield tag="020" ind1=" " ind2=" ">
<subfield code="a">9783980757867</subfield>
</datafield>
<datafield tag="024" ind1="3" ind2=" ">
<subfield code="a">9783980757867</subfield>
</datafield>
<datafield tag="035" ind1=" " ind2=" ">
<subfield code="a">(OCoLC)187886976</subfield>
</datafield>
<datafield tag="040" ind1=" " ind2=" ">
<subfield code="a">PAU</subfield>
<subfield code="b">eng</subfield>
<subfield code="c">PAU</subfield>
<subfield code="d">PAU</subfield>
<subfield code="d">AU@</subfield>
<subfield code="d">TOZ</subfield>
<subfield code="d">OHX</subfield>
<subfield code="d">HEBIS</subfield>
<subfield code="d">OCLCQ</subfield>
<subfield code="d">OCLCF</subfield>
<subfield code="d">OCLCQ</subfield>
<subfield code="d">DEBBG</subfield>
<subfield code="d">NNU</subfield>
</datafield>
<datafield tag="042" ind1=" " ind2=" ">
<subfield code="a">pcc</subfield>
</datafield>
<datafield tag="043" ind1=" " ind2=" ">
<subfield code="a">a-is---</subfield>
</datafield>
<datafield tag="050" ind1=" " ind2="4">
<subfield code="a">GN776.32.I75</subfield>
<subfield code="b">G368 2006</subfield>
</datafield>
<datafield tag="082" ind1="0" ind2="4">
<subfield code="a">933.01</subfield>
<subfield code="2">22</subfield>
</datafield>
<datafield tag="084" ind1=" " ind2=" ">
<subfield code="a">NG 5380</subfield>
<subfield code="2">rvk</subfield>
</datafield>
<datafield tag="100" ind1="1" ind2=" ">
<subfield code="a">Garfinkel, Yosef.</subfield>
</datafield>
<datafield tag="245" ind1="1" ind2="0">
<subfield code="a">Gesher, a pre-pottery Neolithic A site in the central Jordan Valley, Israel :</subfield>
<subfield code="b">a final report /</subfield>
<subfield code="c">by Yosef Garfinkel &amp; Doron Dag ; with contributions by Shoshana Ashkenazi [and others].</subfield>
</datafield>
<datafield tag="260" ind1=" " ind2=" ">
<subfield code="a">Berlin :</subfield>
<subfield code="b">Ex Oriente,</subfield>
<subfield code="c">2006.</subfield>
</datafield>
<datafield tag="300" ind1=" " ind2=" ">
<subfield code="a">xiii, 214 pages, [12] pages of plates :</subfield>
<subfield code="b">illustrations (some color), maps, plans ;</subfield>
<subfield code="c">30 cm.</subfield>
</datafield>
<datafield tag="336" ind1=" " ind2=" ">
<subfield code="a">text</subfield>
<subfield code="b">txt</subfield>
<subfield code="2">rdacontent</subfield>
</datafield>
<datafield tag="337" ind1=" " ind2=" ">
<subfield code="a">unmediated</subfield>
<subfield code="b">n</subfield>
<subfield code="2">rdamedia</subfield>
</datafield>
<datafield tag="338" ind1=" " ind2=" ">
<subfield code="a">volume</subfield>
<subfield code="b">nc</subfield>
<subfield code="2">rdacarrier</subfield>
</datafield>
<datafield tag="490" ind1="1" ind2=" ">
<subfield code="a">Bibliotheca neolithica Asiae meridionalis et occidentalis,</subfield>
<subfield code="x">1616-9360</subfield>
</datafield>
<datafield tag="500" ind1=" " ind2=" ">
<subfield code="a">"This monograph is the first of two final publications on the archaeological excavations at Gesher, Central Jordan Valley, Israel"--Foreword.</subfield>
</datafield>
<datafield tag="504" ind1=" " ind2=" ">
<subfield code="a">Includes bibliographical references (pages 203-214).</subfield>
</datafield>
<datafield tag="500" ind1=" " ind2=" ">
<subfield code="a">ISAW copy is from the library of Lawrence E. Stager.</subfield>
<subfield code="5">NyNyUAW</subfield>
</datafield>
<datafield tag="650" ind1=" " ind2="0">
<subfield code="a">Neolithic period</subfield>
<subfield code="z">Israel</subfield>
<subfield code="z">Gesher.</subfield>
</datafield>
<datafield tag="650" ind1=" " ind2="0">
<subfield code="a">Excavations (Archaeology)</subfield>
<subfield code="z">Israel</subfield>
<subfield code="z">Gesher.</subfield>
</datafield>
<datafield tag="651" ind1=" " ind2="0">
<subfield code="a">Gesher Site (Israel)</subfield>
</datafield>
<datafield tag="651" ind1=" " ind2="0">
<subfield code="a">Israel</subfield>
<subfield code="x">Antiquities.</subfield>
</datafield>
<datafield tag="651" ind1=" " ind2="7">
<subfield code="a">Gesher.</subfield>
<subfield code="2">pleiades</subfield>
<subfield code="0">https://pleiades.stoa.org/places/644616861</subfield>
<subfield code="5">NyNyUAW</subfield>
</datafield>
<datafield tag="650" ind1=" " ind2="7">
<subfield code="a">Antiquities.</subfield>
<subfield code="2">fast</subfield>
<subfield code="0">(OCoLC)fst00810745</subfield>
</datafield>
<datafield tag="650" ind1=" " ind2="7">
<subfield code="a">Excavations (Archaeology)</subfield>
<subfield code="2">fast</subfield>
<subfield code="0">(OCoLC)fst00917564</subfield>
</datafield>
<datafield tag="650" ind1=" " ind2="7">
<subfield code="a">Neolithic period.</subfield>
<subfield code="2">fast</subfield>
<subfield code="0">(OCoLC)fst01035813</subfield>
</datafield>
<datafield tag="651" ind1=" " ind2="7">
<subfield code="a">Israel.</subfield>
<subfield code="2">fast</subfield>
<subfield code="0">(OCoLC)fst01204236</subfield>
</datafield>
<datafield tag="651" ind1=" " ind2="7">
<subfield code="a">Israel</subfield>
<subfield code="z">Gesher.</subfield>
<subfield code="2">fast</subfield>
<subfield code="0">(OCoLC)fst01271661</subfield>
</datafield>
<datafield tag="651" ind1=" " ind2="7">
<subfield code="a">Israel</subfield>
<subfield code="z">Gesher Site.</subfield>
<subfield code="2">fast</subfield>
<subfield code="0">(OCoLC)fst01873082</subfield>
</datafield>
<datafield tag="650" ind1="0" ind2="7">
<subfield code="a">Steinger&#228;t.</subfield>
<subfield code="2">swd</subfield>
</datafield>
<datafield tag="650" ind1="0" ind2="7">
<subfield code="a">Ausgrabung.</subfield>
<subfield code="2">swd</subfield>
</datafield>
<datafield tag="650" ind1="0" ind2="7">
<subfield code="a">Funde.</subfield>
<subfield code="2">swd</subfield>
</datafield>
<datafield tag="650" ind1="0" ind2="7">
<subfield code="a">Neolithikum.</subfield>
<subfield code="2">swd</subfield>
</datafield>
<datafield tag="651" ind1=" " ind2="7">
<subfield code="a">Gesher.</subfield>
<subfield code="2">swd</subfield>
</datafield>
<datafield tag="650" ind1="0" ind2="7">
<subfield code="a">Ausgrabung.</subfield>
<subfield code="0">(DE-588)4129464-6</subfield>
<subfield code="2">gnd</subfield>
</datafield>
<datafield tag="650" ind1="0" ind2="7">
<subfield code="a">Funde.</subfield>
<subfield code="0">(DE-588)4071507-3</subfield>
<subfield code="2">gnd</subfield>
</datafield>
<datafield tag="650" ind1="0" ind2="7">
<subfield code="a">Neolithikum.</subfield>
<subfield code="0">(DE-588)4075272-0</subfield>
<subfield code="2">gnd</subfield>
</datafield>
<datafield tag="651" ind1=" " ind2="7">
<subfield code="a">Gesher.</subfield>
<subfield code="0">(DE-588)7614239-5</subfield>
<subfield code="2">gnd</subfield>
</datafield>
<datafield tag="700" ind1="1" ind2=" ">
<subfield code="a">Dag, Doron.</subfield>
</datafield>
<datafield tag="700" ind1="1" ind2=" ">
<subfield code="a">Ashkenazi, Shoshana.</subfield>
</datafield>
<datafield tag="700" ind1="1" ind2=" ">
<subfield code="a">Stager, Lawrence E.,</subfield>
<subfield code="e">former owner.</subfield>
<subfield code="5">NyNyUAW</subfield>
</datafield>
<datafield tag="740" ind1="0" ind2=" ">
<subfield code="a">Stager Collection.</subfield>
<subfield code="5">NyNyUAW</subfield>
</datafield>
<datafield tag="830" ind1=" " ind2="0">
<subfield code="a">Bibliotheca neolithica Asiae meridionalis et occidentalis.</subfield>
</datafield>
<datafield tag="OWN" ind1=" " ind2=" ">
<subfield code="a">GENERAL</subfield>
</datafield>
<datafield tag="AVA" ind1=" " ind2=" ">
<subfield code="a">NYU50</subfield>
<subfield code="b">NISAW</subfield>
<subfield code="c">Large Collection</subfield>
<subfield code="d">GN776.32.I75 G368 2006 Non-circulating</subfield>
<subfield code="e">available</subfield>
<subfield code="t">Available</subfield>
<subfield code="f">1</subfield>
<subfield code="g">0</subfield>
<subfield code="h">N</subfield>
<subfield code="i">0</subfield>
<subfield code="j">LARGE</subfield>
<subfield code="k">0</subfield>
</datafield>
</record>