<record xmlns="http://www.loc.gov/MARC21/slim" xmlns:xsi="http://www.w3.org/2001/XMLSchema-instance" xsi:schemaLocation="http://www.loc.gov/MARC21/slim http://www.loc.gov/standards/marcxml/schema/MARC21slim.xsd">
<leader>00000cam a22      a 4500</leader>
<controlfield tag="FMT">BK</controlfield>
<controlfield tag="LDR">00000cam a22      a 4500</controlfield>
<controlfield tag="001">006060978</controlfield>
<controlfield tag="005">20180430104031.0</controlfield>
<controlfield tag="008">180424s2003    cc ab    b    000 0 chi d</controlfield>
<datafield tag="010" ind1=" " ind2=" ">
<subfield code="a">  2004376557</subfield>
</datafield>
<datafield tag="020" ind1=" " ind2=" ">
<subfield code="a">7544121615</subfield>
</datafield>
<datafield tag="020" ind1=" " ind2=" ">
<subfield code="a">9787544121613</subfield>
</datafield>
<datafield tag="035" ind1=" " ind2=" ">
<subfield code="a">(OCoLC)52844751</subfield>
</datafield>
<datafield tag="040" ind1=" " ind2=" ">
<subfield code="a">HUA</subfield>
<subfield code="b">eng</subfield>
<subfield code="c">DLC</subfield>
<subfield code="d">HUA</subfield>
<subfield code="d">SINLB</subfield>
<subfield code="d">DEBBG</subfield>
<subfield code="d">OCLCF</subfield>
<subfield code="d">OCLCO</subfield>
<subfield code="d">OCLCQ</subfield>
<subfield code="d">OCLCO</subfield>
<subfield code="d">OCL</subfield>
<subfield code="d">OCLCQ</subfield>
</datafield>
<datafield tag="042" ind1=" " ind2=" ">
<subfield code="a">lccopycat</subfield>
</datafield>
<datafield tag="043" ind1=" " ind2=" ">
<subfield code="a">a-cc---</subfield>
</datafield>
<datafield tag="050" ind1="0" ind2="0">
<subfield code="a">GT3283.A2</subfield>
<subfield code="b">L53 2003</subfield>
</datafield>
<datafield tag="082" ind1="0" ind2="4">
<subfield code="a">393.0951</subfield>
<subfield code="2">21</subfield>
</datafield>
<datafield tag="100" ind1="1" ind2=" ">
<subfield code="6">880-01</subfield>
<subfield code="a">Li, Rusen.</subfield>
</datafield>
<datafield tag="245" ind1="1" ind2="0">
<subfield code="6">880-02</subfield>
<subfield code="a">Han dai sang zang li su =</subfield>
<subfield code="b">Funeral custum [i.e. custom] of Han dynasty /</subfield>
<subfield code="c">Li Rusen zhu.</subfield>
</datafield>
<datafield tag="246" ind1="3" ind2="1">
<subfield code="a">Funeral custom of Han dynasty</subfield>
</datafield>
<datafield tag="250" ind1=" " ind2=" ">
<subfield code="6">880-03</subfield>
<subfield code="a">Di 1 ban.</subfield>
</datafield>
<datafield tag="260" ind1=" " ind2=" ">
<subfield code="6">880-04</subfield>
<subfield code="a">Shenyang Shi :</subfield>
<subfield code="b">Shenyang chu ban she,</subfield>
<subfield code="c">2003.</subfield>
</datafield>
<datafield tag="300" ind1=" " ind2=" ">
<subfield code="a">2, 8, 440 pages :</subfield>
<subfield code="b">illustrations, maps ;</subfield>
<subfield code="c">21 cm.</subfield>
</datafield>
<datafield tag="336" ind1=" " ind2=" ">
<subfield code="a">text</subfield>
<subfield code="b">txt</subfield>
<subfield code="2">rdacontent</subfield>
</datafield>
<datafield tag="337" ind1=" " ind2=" ">
<subfield code="a">unmediated</subfield>
<subfield code="b">n</subfield>
<subfield code="2">rdamedia</subfield>
</datafield>
<datafield tag="338" ind1=" " ind2=" ">
<subfield code="a">volume</subfield>
<subfield code="b">nc</subfield>
<subfield code="2">rdacarrier</subfield>
</datafield>
<datafield tag="490" ind1="1" ind2=" ">
<subfield code="6">880-05</subfield>
<subfield code="a">Mu yu shi shu wu. Sheng huo l&#252;e ying</subfield>
</datafield>
<datafield tag="490" ind1="1" ind2=" ">
<subfield code="6">880-06</subfield>
<subfield code="a">Mu yu shi shu wu. She hui sheng huo</subfield>
</datafield>
<datafield tag="500" ind1=" " ind2=" ">
<subfield code="a">ISAW copy is from the library of Susan L. Beningson.</subfield>
<subfield code="5">NyNyUAW</subfield>
</datafield>
<datafield tag="504" ind1=" " ind2=" ">
<subfield code="a">Includes bibliographical references.</subfield>
</datafield>
<datafield tag="650" ind1=" " ind2="0">
<subfield code="a">Funeral rites and ceremonies</subfield>
<subfield code="z">China.</subfield>
</datafield>
<datafield tag="651" ind1=" " ind2="0">
<subfield code="a">China</subfield>
<subfield code="x">Social life and customs</subfield>
<subfield code="y">221 B.C.-960 A.D.</subfield>
</datafield>
<datafield tag="650" ind1=" " ind2="7">
<subfield code="a">Funeral rites and ceremonies.</subfield>
<subfield code="2">fast</subfield>
<subfield code="0">(OCoLC)fst00936223</subfield>
</datafield>
<datafield tag="650" ind1=" " ind2="7">
<subfield code="a">Manners and customs.</subfield>
<subfield code="2">fast</subfield>
<subfield code="0">(OCoLC)fst01007815</subfield>
</datafield>
<datafield tag="651" ind1=" " ind2="7">
<subfield code="a">China.</subfield>
<subfield code="2">fast</subfield>
<subfield code="0">(OCoLC)fst01206073</subfield>
</datafield>
<datafield tag="700" ind1="1" ind2=" ">
<subfield code="a">Beningson, Susan L.,</subfield>
<subfield code="e">former owner.</subfield>
<subfield code="5">NyNyUAW</subfield>
</datafield>
<datafield tag="740" ind1="0" ind2=" ">
<subfield code="a">Beningson Collection.</subfield>
<subfield code="5">NyNyUAW</subfield>
</datafield>
<datafield tag="880" ind1="1" ind2=" ">
<subfield code="6">100-01/</subfield>
<subfield code="a">&#26446;&#22914;&#26862;.</subfield>
</datafield>
<datafield tag="880" ind1="1" ind2="0">
<subfield code="6">245-02/</subfield>
<subfield code="a">&#27721;&#20195;&#20007;&#33900;&#31036;&#20439; =</subfield>
<subfield code="b">Funeral custum [i.e. custom] of Han dynasty /</subfield>
<subfield code="c">&#26446;&#22914;&#26862;&#33879;.</subfield>
</datafield>
<datafield tag="880" ind1=" " ind2=" ">
<subfield code="6">250-03/</subfield>
<subfield code="a">&#31532;1&#29256;.</subfield>
</datafield>
<datafield tag="880" ind1=" " ind2=" ">
<subfield code="6">260-04/</subfield>
<subfield code="a">&#27784;&#38451;&#24066; :</subfield>
<subfield code="b">&#27784;&#38451;&#20986;&#29256;&#31038;,</subfield>
<subfield code="c">2003.</subfield>
</datafield>
<datafield tag="880" ind1="1" ind2=" ">
<subfield code="6">490-05/</subfield>
<subfield code="a">&#26408;&#40060;&#30707;&#20070;&#23627;. &#29983;&#27963;&#25504;&#24433;</subfield>
</datafield>
<datafield tag="880" ind1="1" ind2=" ">
<subfield code="6">490-06/</subfield>
<subfield code="a">&#26408;&#40060;&#30707;&#20070;&#23627;. &#31038;&#20250;&#29983;&#27963;</subfield>
</datafield>
<datafield tag="830" ind1=" " ind2="0">
<subfield code="6">880-07</subfield>
<subfield code="a">Mu yu shi shu wu.</subfield>
<subfield code="p">Sheng huo l&#252;e ying.</subfield>
</datafield>
<datafield tag="880" ind1=" " ind2="0">
<subfield code="6">830-07/</subfield>
<subfield code="a">&#26408;&#40060;&#30707;&#20070;&#23627;.</subfield>
<subfield code="p">&#29983;&#27963;&#25504;&#24433;.</subfield>
</datafield>
<datafield tag="830" ind1=" " ind2="0">
<subfield code="6">880-08</subfield>
<subfield code="a">Mu yu shi shu wu.</subfield>
<subfield code="p">She hui sheng huo.</subfield>
</datafield>
<datafield tag="880" ind1=" " ind2="0">
<subfield code="6">830-08/</subfield>
<subfield code="a">&#26408;&#40060;&#30707;&#20070;&#23627;.</subfield>
<subfield code="p">&#31038;&#20250;&#29983;&#27963;.</subfield>
</datafield>
<datafield tag="OWN" ind1=" " ind2=" ">
<subfield code="a">GENERAL</subfield>
</datafield>
<datafield tag="AVA" ind1=" " ind2=" ">
<subfield code="a">NYU50</subfield>
<subfield code="b">NISAW</subfield>
<subfield code="c">Small Collection</subfield>
<subfield code="d">GT3283.A2 L53 2003 Non-circulating</subfield>
<subfield code="e">available</subfield>
<subfield code="t">Available</subfield>
<subfield code="f">1</subfield>
<subfield code="g">0</subfield>
<subfield code="h">N</subfield>
<subfield code="i">0</subfield>
<subfield code="j">SMALL</subfield>
<subfield code="k">0</subfield>
</datafield>
</record>