<record xmlns="http://www.loc.gov/MARC21/slim" xmlns:xsi="http://www.w3.org/2001/XMLSchema-instance" xsi:schemaLocation="http://www.loc.gov/MARC21/slim http://www.loc.gov/standards/marcxml/schema/MARC21slim.xsd">
<leader>00000cam a22        4500</leader>
<controlfield tag="FMT">BK</controlfield>
<controlfield tag="LDR">00000cam a22        4500</controlfield>
<controlfield tag="001">006058967</controlfield>
<controlfield tag="005">20180420154841.0</controlfield>
<controlfield tag="008">180418s1965    it ae    b    000 0 ita</controlfield>
<datafield tag="010" ind1=" " ind2=" ">
<subfield code="a">   78243804</subfield>
</datafield>
<datafield tag="035" ind1=" " ind2=" ">
<subfield code="a">(OCoLC)5259089</subfield>
</datafield>
<datafield tag="040" ind1=" " ind2=" ">
<subfield code="a">DLC</subfield>
<subfield code="b">eng</subfield>
<subfield code="c">LRU</subfield>
<subfield code="d">DLC</subfield>
<subfield code="d">OCL</subfield>
<subfield code="d">OCLCQ</subfield>
<subfield code="d">OCLCO</subfield>
<subfield code="d">OCLCF</subfield>
<subfield code="d">ZYU</subfield>
</datafield>
<datafield tag="043" ind1=" " ind2=" ">
<subfield code="a">e-it---</subfield>
</datafield>
<datafield tag="050" ind1=" " ind2="4">
<subfield code="a">N5771</subfield>
<subfield code="b">.F75 1965</subfield>
</datafield>
<datafield tag="050" ind1="0" ind2="0">
<subfield code="a">N5771</subfield>
<subfield code="b">.F75</subfield>
</datafield>
<datafield tag="100" ind1="1" ind2=" ">
<subfield code="a">Frova, Antonio.</subfield>
</datafield>
<datafield tag="245" ind1="1" ind2="3">
<subfield code="a">La Villa dei Misteri a Pompei</subfield>
<subfield code="c">testo di Antonio Frova.</subfield>
</datafield>
<datafield tag="260" ind1=" " ind2=" ">
<subfield code="a">[Milano]</subfield>
<subfield code="b">Fratelli Fabbri; [distribuzione A. &amp; G. Marco, Milano]</subfield>
<subfield code="c">[1965]</subfield>
</datafield>
<datafield tag="300" ind1=" " ind2=" ">
<subfield code="a">38, [2] pages</subfield>
<subfield code="b">(pages 11-[40] color illustrations) plan</subfield>
<subfield code="c">36 cm.</subfield>
</datafield>
<datafield tag="336" ind1=" " ind2=" ">
<subfield code="a">text</subfield>
<subfield code="b">txt</subfield>
<subfield code="2">rdacontent</subfield>
</datafield>
<datafield tag="337" ind1=" " ind2=" ">
<subfield code="a">unmediated</subfield>
<subfield code="b">n</subfield>
<subfield code="2">rdamedia</subfield>
</datafield>
<datafield tag="338" ind1=" " ind2=" ">
<subfield code="a">volume</subfield>
<subfield code="b">nc</subfield>
<subfield code="2">rdacarrier</subfield>
</datafield>
<datafield tag="490" ind1="0" ind2=" ">
<subfield code="a">L'Arte racconta,</subfield>
<subfield code="v">1</subfield>
</datafield>
<datafield tag="504" ind1=" " ind2=" ">
<subfield code="a">Includes bibliographical references (page 7).</subfield>
</datafield>
<datafield tag="500" ind1=" " ind2=" ">
<subfield code="a">ISAW copy is from the library of Nina Garso&#239;an.</subfield>
<subfield code="5">NyNyUAW</subfield>
</datafield>
<datafield tag="610" ind1="2" ind2="0">
<subfield code="a">Villa of the Mysteries (Pompeii)</subfield>
</datafield>
<datafield tag="650" ind1=" " ind2="0">
<subfield code="a">Mural painting and decoration</subfield>
<subfield code="z">Italy</subfield>
<subfield code="z">Pompeii (Extinct city)</subfield>
</datafield>
<datafield tag="651" ind1=" " ind2="0">
<subfield code="a">Pompeii (Extinct city)</subfield>
<subfield code="x">Buildings, structures, etc.</subfield>
</datafield>
<datafield tag="651" ind1=" " ind2="7">
<subfield code="a">Villa of the Mysteries.</subfield>
<subfield code="2">pleiades</subfield>
<subfield code="0">https://pleiades.stoa.org/places/396427768</subfield>
</datafield>
<datafield tag="610" ind1="2" ind2="7">
<subfield code="a">Villa of the Mysteries (Pompeii)</subfield>
<subfield code="2">fast</subfield>
<subfield code="0">(OCoLC)fst00636078</subfield>
</datafield>
<datafield tag="650" ind1=" " ind2="7">
<subfield code="a">Buildings.</subfield>
<subfield code="2">fast</subfield>
<subfield code="0">(OCoLC)fst00840962</subfield>
</datafield>
<datafield tag="650" ind1=" " ind2="7">
<subfield code="a">Mural painting and decoration.</subfield>
<subfield code="2">fast</subfield>
<subfield code="0">(OCoLC)fst01029558</subfield>
</datafield>
<datafield tag="651" ind1=" " ind2="7">
<subfield code="a">Italy</subfield>
<subfield code="z">Pompeii (Extinct city)</subfield>
<subfield code="2">fast</subfield>
<subfield code="0">(OCoLC)fst01896973</subfield>
</datafield>
<datafield tag="700" ind1="1" ind2=" ">
<subfield code="a">Garso&#239;an, Nina G.,</subfield>
<subfield code="d">1923-</subfield>
<subfield code="e">former owner.</subfield>
<subfield code="5">NyNyUAW</subfield>
</datafield>
<datafield tag="740" ind1="0" ind2=" ">
<subfield code="a">Garso&#239;an Collection.</subfield>
<subfield code="5">NyNyUAW</subfield>
</datafield>
<datafield tag="OWN" ind1=" " ind2=" ">
<subfield code="a">GENERAL</subfield>
</datafield>
<datafield tag="AVA" ind1=" " ind2=" ">
<subfield code="a">NYU50</subfield>
<subfield code="b">NISAW</subfield>
<subfield code="c">Oversize Collection</subfield>
<subfield code="d">N5771 .F75 1965 Non-circulating</subfield>
<subfield code="e">available</subfield>
<subfield code="t">Available</subfield>
<subfield code="f">1</subfield>
<subfield code="g">0</subfield>
<subfield code="h">N</subfield>
<subfield code="i">0</subfield>
<subfield code="j">OVERZ</subfield>
<subfield code="k">0</subfield>
</datafield>
</record>