<record xmlns="http://www.loc.gov/MARC21/slim" xmlns:xsi="http://www.w3.org/2001/XMLSchema-instance" xsi:schemaLocation="http://www.loc.gov/MARC21/slim http://www.loc.gov/standards/marcxml/schema/MARC21slim.xsd">
<leader>00000cam a2200673 a 4500</leader>
<controlfield tag="FMT">BK</controlfield>
<controlfield tag="LDR">00000cam a2200673 a 4500</controlfield>
<controlfield tag="001">001580610</controlfield>
<controlfield tag="003">OCoLC</controlfield>
<controlfield tag="005">20130726113713.0</controlfield>
<controlfield tag="008">980908m19972007gw aef   b    000 0 eng</controlfield>
<datafield tag="010" ind1=" " ind2=" ">
<subfield code="a">98193354</subfield>
</datafield>
<datafield tag="020" ind1=" " ind2=" ">
<subfield code="a">3805320264 (v. 1)</subfield>
</datafield>
<datafield tag="020" ind1=" " ind2=" ">
<subfield code="a">9783805320269 (v. 1)</subfield>
</datafield>
<datafield tag="020" ind1=" " ind2=" ">
<subfield code="a">9783805338189 (v. 2 : alk. paper)</subfield>
</datafield>
<datafield tag="020" ind1=" " ind2=" ">
<subfield code="a">380533818X (v. 2 : alk. paper)</subfield>
</datafield>
<datafield tag="035" ind1=" " ind2=" ">
<subfield code="a">(OCoLC)39031822</subfield>
</datafield>
<datafield tag="040" ind1=" " ind2=" ">
<subfield code="a">DDO</subfield>
<subfield code="b">eng</subfield>
<subfield code="c">DDO</subfield>
<subfield code="d">DLC</subfield>
<subfield code="d">OHX</subfield>
<subfield code="d">NLGGC</subfield>
<subfield code="d">BTCTA</subfield>
<subfield code="d">YDXCP</subfield>
<subfield code="d">ZCU</subfield>
<subfield code="d">UBY</subfield>
<subfield code="d">NNU</subfield>
</datafield>
<datafield tag="041" ind1="0" ind2=" ">
<subfield code="a">eng</subfield>
</datafield>
<datafield tag="042" ind1=" " ind2=" ">
<subfield code="a">lccopycat</subfield>
</datafield>
<datafield tag="043" ind1=" " ind2=" ">
<subfield code="a">a-tu---</subfield>
</datafield>
<datafield tag="050" ind1="0" ind2="0">
<subfield code="a">NA5870.K26</subfield>
<subfield code="b">K37 1997</subfield>
</datafield>
<datafield tag="072" ind1=" " ind2="7">
<subfield code="a">NA</subfield>
<subfield code="2">lcco</subfield>
</datafield>
<datafield tag="079" ind1=" " ind2=" ">
<subfield code="a">(OCoLC)698615075</subfield>
</datafield>
<datafield tag="245" ind1="0" ind2="0">
<subfield code="a">Kalenderhane in Istanbul :</subfield>
<subfield code="b">the buildings, their history, architecture, and decoration : final reports on the archaeological exploration and restoration at Kalenderhane Camii, 1966-1978 /</subfield>
<subfield code="c">edited by Cecil L. Striker and Y. Do&#287;an Kuban ; with contributions by Albrecht Berger ... [et al.].</subfield>
</datafield>
<datafield tag="246" ind1="3" ind2="8">
<subfield code="a">Kalenderhane in Istanbul :</subfield>
<subfield code="b">the buildings</subfield>
</datafield>
<datafield tag="260" ind1=" " ind2=" ">
<subfield code="a">Mainz :</subfield>
<subfield code="b">Verlag P. von Zabern,</subfield>
<subfield code="c">[c1997-c2007]</subfield>
</datafield>
<datafield tag="300" ind1=" " ind2=" ">
<subfield code="a">2 v. :</subfield>
<subfield code="b">ill. (some col., some fold.), plans (some fold.), plates ;</subfield>
<subfield code="c">37 cm.</subfield>
</datafield>
<datafield tag="500" ind1=" " ind2=" ">
<subfield code="a">" ... two planned volumes on the archaeological exploration and restoration carried out at Kalenderhane Camii in Istanbul in the years 1966-1978 under the co-sponsorship of Dumbarton Oaks Trustees for Harvard University and the Istanbul Technical University ... The second volume treats the excavations, and includes the catalogues of excavated material"--Preface (v. 1).</subfield>
</datafield>
<datafield tag="504" ind1=" " ind2=" ">
<subfield code="a">Includes bibliographical references.</subfield>
</datafield>
<datafield tag="505" ind1="0" ind2="0">
<subfield code="g">[v. 1].</subfield>
<subfield code="t">[without special title] --</subfield>
<subfield code="g">v. 2.</subfield>
<subfield code="t">Excavations.</subfield>
</datafield>
<datafield tag="610" ind1="2" ind2="0">
<subfield code="a">Kalenderhane Camii (Istanbul, Turkey)</subfield>
</datafield>
<datafield tag="650" ind1=" " ind2="0">
<subfield code="a">Architecture, Byzantine</subfield>
<subfield code="z">Turkey</subfield>
<subfield code="z">Istanbul.</subfield>
</datafield>
<datafield tag="650" ind1=" " ind2="0">
<subfield code="a">Church architecture</subfield>
<subfield code="x">Expertising</subfield>
<subfield code="z">Turkey</subfield>
<subfield code="z">Istanbul.</subfield>
</datafield>
<datafield tag="650" ind1=" " ind2="0">
<subfield code="a">Decoration and ornament, Byzantine</subfield>
<subfield code="z">Turkey</subfield>
<subfield code="z">Istanbul.</subfield>
</datafield>
<datafield tag="651" ind1=" " ind2="0">
<subfield code="a">Istanbul (Turkey)</subfield>
<subfield code="x">Buildings, structures, etc.</subfield>
</datafield>
<datafield tag="700" ind1="1" ind2=" ">
<subfield code="a">Striker, Cecil L.,</subfield>
<subfield code="d">1932-</subfield>
</datafield>
<datafield tag="700" ind1="1" ind2=" ">
<subfield code="a">Kuban, Do&#287;an.</subfield>
</datafield>
<datafield tag="700" ind1="1" ind2=" ">
<subfield code="a">Berger, Albrecht,</subfield>
<subfield code="d">1957-</subfield>
</datafield>
<datafield tag="710" ind1="2" ind2=" ">
<subfield code="a">Dumbarton Oaks.</subfield>
</datafield>
<datafield tag="710" ind1="2" ind2=" ">
<subfield code="a">&#304;stanbul Teknik &#220;niversitesi.</subfield>
</datafield>
<datafield tag="OWN" ind1=" " ind2=" ">
<subfield code="a">GENERAL</subfield>
</datafield>
<datafield tag="AVA" ind1=" " ind2=" ">
<subfield code="a">NYU50</subfield>
<subfield code="b">NIFA</subfield>
<subfield code="c">Main Collection</subfield>
<subfield code="d">NA5870.K26 K37 1997 Non-circulating</subfield>
<subfield code="e">available</subfield>
<subfield code="t">Available</subfield>
<subfield code="f">2</subfield>
<subfield code="g">0</subfield>
<subfield code="h">Y</subfield>
<subfield code="i">0</subfield>
<subfield code="j">MAIN</subfield>
<subfield code="k">0</subfield>
</datafield>
<datafield tag="AVA" ind1=" " ind2=" ">
<subfield code="a">NYU50</subfield>
<subfield code="b">NISAW</subfield>
<subfield code="c">Oversize Collection</subfield>
<subfield code="d">NA5870.K26 K37 1997 Non-circulating</subfield>
<subfield code="e">available</subfield>
<subfield code="t">Available</subfield>
<subfield code="f">2</subfield>
<subfield code="g">0</subfield>
<subfield code="h">Y</subfield>
<subfield code="i">0</subfield>
<subfield code="j">OVERZ</subfield>
<subfield code="k">0</subfield>
</datafield>
</record>