<record xmlns="http://www.loc.gov/MARC21/slim" xmlns:xsi="http://www.w3.org/2001/XMLSchema-instance" xsi:schemaLocation="http://www.loc.gov/MARC21/slim http://www.loc.gov/standards/marcxml/schema/MARC21slim.xsd">
<leader>00000cam a22     Ia 4500</leader>
<controlfield tag="FMT">BK</controlfield>
<controlfield tag="LDR">00000cam a22     Ia 4500</controlfield>
<controlfield tag="001">006058683</controlfield>
<controlfield tag="005">20180420154233.0</controlfield>
<controlfield tag="008">180417s1968    fr a          000 0 fre d</controlfield>
<datafield tag="035" ind1=" " ind2=" ">
<subfield code="a">(OCoLC)48435941</subfield>
</datafield>
<datafield tag="040" ind1=" " ind2=" ">
<subfield code="a">UAT</subfield>
<subfield code="b">eng</subfield>
<subfield code="c">UAT</subfield>
<subfield code="d">OCLCQ</subfield>
<subfield code="d">NLGGC</subfield>
<subfield code="d">LVB</subfield>
<subfield code="d">OCLCF</subfield>
<subfield code="d">OCLCO</subfield>
<subfield code="d">OCLCQ</subfield>
<subfield code="d">NNU</subfield>
</datafield>
<datafield tag="050" ind1=" " ind2="4">
<subfield code="a">ND142</subfield>
<subfield code="b">.A78 1968</subfield>
</datafield>
<datafield tag="084" ind1=" " ind2=" ">
<subfield code="a">20.65</subfield>
<subfield code="2">bcl</subfield>
</datafield>
<datafield tag="245" ind1="0" ind2="2">
<subfield code="a">L'art pictural byzantin /</subfield>
<subfield code="c">[L.M. Ottolenghi ; R. Martin].</subfield>
</datafield>
<datafield tag="260" ind1=" " ind2=" ">
<subfield code="a">Paris :</subfield>
<subfield code="b">Hachette,</subfield>
<subfield code="c">1968.</subfield>
</datafield>
<datafield tag="300" ind1=" " ind2=" ">
<subfield code="a">1 volume (unpaged) :</subfield>
<subfield code="b">illustrations (chiefly color) ;</subfield>
<subfield code="c">36 cm.</subfield>
</datafield>
<datafield tag="336" ind1=" " ind2=" ">
<subfield code="a">text</subfield>
<subfield code="b">txt</subfield>
<subfield code="2">rdacontent</subfield>
</datafield>
<datafield tag="337" ind1=" " ind2=" ">
<subfield code="a">unmediated</subfield>
<subfield code="b">n</subfield>
<subfield code="2">rdamedia</subfield>
</datafield>
<datafield tag="338" ind1=" " ind2=" ">
<subfield code="a">volume</subfield>
<subfield code="b">nc</subfield>
<subfield code="2">rdacarrier</subfield>
</datafield>
<datafield tag="490" ind1="1" ind2=" ">
<subfield code="a">Chefs-d'oeuvre de l'art. Grands peintres ;</subfield>
<subfield code="v">121</subfield>
</datafield>
<datafield tag="500" ind1=" " ind2=" ">
<subfield code="a">Cover title.</subfield>
</datafield>
<datafield tag="500" ind1=" " ind2=" ">
<subfield code="a">ISAW copy is from the library of Nina Garso&#239;an.</subfield>
<subfield code="5">NyNyUAW</subfield>
</datafield>
<datafield tag="600" ind1="1" ind2="0">
<subfield code="a">Kwiatkowski, Jean.</subfield>
</datafield>
<datafield tag="650" ind1=" " ind2="0">
<subfield code="a">Painting, Byzantine.</subfield>
</datafield>
<datafield tag="600" ind1="1" ind2="7">
<subfield code="a">Kwiatkowski, Jean.</subfield>
<subfield code="2">fast</subfield>
<subfield code="0">(OCoLC)fst00454778</subfield>
</datafield>
<datafield tag="650" ind1=" " ind2="7">
<subfield code="a">Painting, Byzantine.</subfield>
<subfield code="2">fast</subfield>
<subfield code="0">(OCoLC)fst01050716</subfield>
</datafield>
<datafield tag="650" ind1="1" ind2="7">
<subfield code="a">Muurschilderingen.</subfield>
<subfield code="2">gtt</subfield>
</datafield>
<datafield tag="650" ind1="1" ind2="7">
<subfield code="a">Moza&#239;eken.</subfield>
<subfield code="2">gtt</subfield>
</datafield>
<datafield tag="650" ind1="1" ind2="7">
<subfield code="a">Byzantijnse kunst.</subfield>
<subfield code="2">gtt</subfield>
</datafield>
<datafield tag="700" ind1="1" ind2=" ">
<subfield code="a">Ottolenghi, L. M.</subfield>
</datafield>
<datafield tag="700" ind1="1" ind2=" ">
<subfield code="a">Martin, Robert.</subfield>
</datafield>
<datafield tag="700" ind1="1" ind2=" ">
<subfield code="a">Garso&#239;an, Nina G.,</subfield>
<subfield code="d">1923-</subfield>
<subfield code="e">former owner.</subfield>
<subfield code="5">NyNyUAW</subfield>
</datafield>
<datafield tag="740" ind1="0" ind2=" ">
<subfield code="a">Garso&#239;an Collection.</subfield>
<subfield code="5">NyNyUAW</subfield>
</datafield>
<datafield tag="830" ind1=" " ind2="0">
<subfield code="a">Chefs-d'&#339;uvre de l'art.</subfield>
<subfield code="p">Grands peintres ;</subfield>
<subfield code="v">121.</subfield>
</datafield>
<datafield tag="OWN" ind1=" " ind2=" ">
<subfield code="a">GENERAL</subfield>
</datafield>
<datafield tag="AVA" ind1=" " ind2=" ">
<subfield code="a">NYU50</subfield>
<subfield code="b">NISAW</subfield>
<subfield code="c">Oversize Collection</subfield>
<subfield code="d">ND142 .A78 1968 Non-circulating</subfield>
<subfield code="e">available</subfield>
<subfield code="t">Available</subfield>
<subfield code="f">1</subfield>
<subfield code="g">0</subfield>
<subfield code="h">N</subfield>
<subfield code="i">0</subfield>
<subfield code="j">OVERZ</subfield>
<subfield code="k">0</subfield>
</datafield>
</record>