<record xmlns="http://www.loc.gov/MARC21/slim" xmlns:xsi="http://www.w3.org/2001/XMLSchema-instance" xsi:schemaLocation="http://www.loc.gov/MARC21/slim http://www.loc.gov/standards/marcxml/schema/MARC21slim.xsd">
<leader>00000nam a22     Ii 4500</leader>
<controlfield tag="FMT">BK</controlfield>
<controlfield tag="LDR">00000nam a22     Ii 4500</controlfield>
<controlfield tag="001">006058392</controlfield>
<controlfield tag="005">20180420154728.0</controlfield>
<controlfield tag="008">180416t19661966it af         000 0 ita d</controlfield>
<datafield tag="035" ind1=" " ind2=" ">
<subfield code="a">(OCoLC)1031377235</subfield>
</datafield>
<datafield tag="040" ind1=" " ind2=" ">
<subfield code="a">ZYU</subfield>
<subfield code="b">eng</subfield>
<subfield code="e">rda</subfield>
<subfield code="c">ZYU</subfield>
</datafield>
<datafield tag="043" ind1=" " ind2=" ">
<subfield code="a">e-it---</subfield>
</datafield>
<datafield tag="050" ind1=" " ind2="4">
<subfield code="a">ND613</subfield>
<subfield code="b">.P58 1966</subfield>
</datafield>
<datafield tag="100" ind1="1" ind2=" ">
<subfield code="a">Segre Montel, Costanza,</subfield>
<subfield code="e">author.</subfield>
</datafield>
<datafield tag="245" ind1="1" ind2="3">
<subfield code="a">La pittura romanica nell'Italia settentrionale.</subfield>
</datafield>
<datafield tag="264" ind1=" " ind2="1">
<subfield code="a">Milano :</subfield>
<subfield code="b">Fratelli Fabbri Editori,</subfield>
<subfield code="c">[1966]</subfield>
</datafield>
<datafield tag="264" ind1=" " ind2="4">
<subfield code="c">&#169;1966</subfield>
</datafield>
<datafield tag="300" ind1=" " ind2=" ">
<subfield code="a">6 unnumbered pages, 16 plates :</subfield>
<subfield code="b">color illustrations ;</subfield>
<subfield code="c">36 cm.</subfield>
</datafield>
<datafield tag="336" ind1=" " ind2=" ">
<subfield code="a">text</subfield>
<subfield code="b">txt</subfield>
<subfield code="2">rdacontent</subfield>
</datafield>
<datafield tag="336" ind1=" " ind2=" ">
<subfield code="a">still image</subfield>
<subfield code="b">sti</subfield>
<subfield code="2">rdacontent</subfield>
</datafield>
<datafield tag="337" ind1=" " ind2=" ">
<subfield code="a">unmediated</subfield>
<subfield code="b">n</subfield>
<subfield code="2">rdamedia</subfield>
</datafield>
<datafield tag="338" ind1=" " ind2=" ">
<subfield code="a">volume</subfield>
<subfield code="b">nc</subfield>
<subfield code="2">rdacarrier</subfield>
</datafield>
<datafield tag="490" ind1="1" ind2=" ">
<subfield code="a">I maestri del colore ;</subfield>
<subfield code="v">204</subfield>
</datafield>
<datafield tag="500" ind1=" " ind2=" ">
<subfield code="a">Title from cover.</subfield>
</datafield>
<datafield tag="500" ind1=" " ind2=" ">
<subfield code="a">ISAW copy is from the library of Nina Garso&#239;an.</subfield>
<subfield code="5">NyNyUAW</subfield>
</datafield>
<datafield tag="650" ind1=" " ind2="0">
<subfield code="a">Painting, Romanesque</subfield>
<subfield code="z">Italy, Northern.</subfield>
</datafield>
<datafield tag="650" ind1=" " ind2="0">
<subfield code="a">Mural painting and decoration, Romanesque</subfield>
<subfield code="z">Italy, Northern.</subfield>
</datafield>
<datafield tag="651" ind1=" " ind2="7">
<subfield code="a">Italia.</subfield>
<subfield code="2">pleiades</subfield>
<subfield code="0">https://pleiades.stoa.org/places/1052</subfield>
<subfield code="5">NyNyUAW</subfield>
</datafield>
<datafield tag="700" ind1="1" ind2=" ">
<subfield code="a">Garso&#239;an, Nina G.,</subfield>
<subfield code="d">1923-</subfield>
<subfield code="e">former owner.</subfield>
<subfield code="5">NyNyUAW</subfield>
</datafield>
<datafield tag="740" ind1="0" ind2=" ">
<subfield code="a">Garso&#239;an Collection.</subfield>
<subfield code="5">NyNyUAW</subfield>
</datafield>
<datafield tag="830" ind1=" " ind2="0">
<subfield code="a">Maestri del colore ;</subfield>
<subfield code="v">204.</subfield>
</datafield>
<datafield tag="OWN" ind1=" " ind2=" ">
<subfield code="a">GENERAL</subfield>
</datafield>
<datafield tag="AVA" ind1=" " ind2=" ">
<subfield code="a">NYU50</subfield>
<subfield code="b">NISAW</subfield>
<subfield code="c">Oversize Collection</subfield>
<subfield code="d">ND613 .P58 1966 Non-circulating</subfield>
<subfield code="e">available</subfield>
<subfield code="t">Available</subfield>
<subfield code="f">1</subfield>
<subfield code="g">0</subfield>
<subfield code="h">N</subfield>
<subfield code="i">0</subfield>
<subfield code="j">OVERZ</subfield>
<subfield code="k">0</subfield>
</datafield>
</record>