<record xmlns="http://www.loc.gov/MARC21/slim" xmlns:xsi="http://www.w3.org/2001/XMLSchema-instance" xsi:schemaLocation="http://www.loc.gov/MARC21/slim http://www.loc.gov/standards/marcxml/schema/MARC21slim.xsd">
<leader>00000cam a22     Ia 4500</leader>
<controlfield tag="FMT">BK</controlfield>
<controlfield tag="LDR">00000cam a22     Ia 4500</controlfield>
<controlfield tag="001">006058423</controlfield>
<controlfield tag="005">20180420155439.0</controlfield>
<controlfield tag="008">180416q19751978ir abf   c    000 0 per d</controlfield>
<datafield tag="035" ind1=" " ind2=" ">
<subfield code="a">(OCoLC)84429488</subfield>
</datafield>
<datafield tag="040" ind1=" " ind2=" ">
<subfield code="a">MH-FA</subfield>
<subfield code="b">eng</subfield>
<subfield code="c">HLS</subfield>
<subfield code="d">OCLCQ</subfield>
<subfield code="d">OCLCO</subfield>
<subfield code="d">OCLCQ</subfield>
<subfield code="d">OCLCO</subfield>
<subfield code="d">OCLCQ</subfield>
<subfield code="d">OCLCA</subfield>
<subfield code="d">ZYU</subfield>
</datafield>
<datafield tag="041" ind1="0" ind2=" ">
<subfield code="a">per</subfield>
<subfield code="a">eng</subfield>
</datafield>
<datafield tag="043" ind1=" " ind2=" ">
<subfield code="a">a-ir---</subfield>
</datafield>
<datafield tag="050" ind1=" " ind2="4">
<subfield code="a">NK7974.A3</subfield>
<subfield code="b">L8763 1975</subfield>
</datafield>
<datafield tag="110" ind1="2" ind2=" ">
<subfield code="6">880-01</subfield>
<subfield code="a">M&#363;zih&#700;i Khurram&#697;&#257;b&#257;d.</subfield>
</datafield>
<datafield tag="245" ind1="1" ind2="0">
<subfield code="6">880-02</subfield>
<subfield code="a">Mifragh&#697;h&#257;-yi Lurist&#257;n va &#7779;an&#257;yi&#699;-i&#697;filiz&#299;-i Isl&#257;m&#299; :</subfield>
<subfield code="b">majm&#363;&#699;ah-i M&#363;zih&#700;i Khurram&#257;b&#257;d = Lorestan bronzes and Islamic metalwork : cataloque [i.e. catalogue] for the Khoramabad Museum.</subfield>
</datafield>
<datafield tag="246" ind1="1" ind2="1">
<subfield code="a">Lorestan bronzes and Islamic metalwork</subfield>
</datafield>
<datafield tag="260" ind1=" " ind2=" ">
<subfield code="a">[Khoramabad] :</subfield>
<subfield code="b">[The Museum],</subfield>
<subfield code="c">[between 1975 and 1978]</subfield>
</datafield>
<datafield tag="300" ind1=" " ind2=" ">
<subfield code="a">35, 30 pages, [8] pages of plates :</subfield>
<subfield code="b">color illustrations, maps ;</subfield>
<subfield code="c">28 cm</subfield>
</datafield>
<datafield tag="336" ind1=" " ind2=" ">
<subfield code="a">text</subfield>
<subfield code="b">txt</subfield>
<subfield code="2">rdacontent</subfield>
</datafield>
<datafield tag="337" ind1=" " ind2=" ">
<subfield code="a">unmediated</subfield>
<subfield code="b">n</subfield>
<subfield code="2">rdamedia</subfield>
</datafield>
<datafield tag="338" ind1=" " ind2=" ">
<subfield code="a">volume</subfield>
<subfield code="b">nc</subfield>
<subfield code="2">rdacarrier</subfield>
</datafield>
<datafield tag="546" ind1=" " ind2=" ">
<subfield code="a">Added t.p. in Persian; English and Persian.</subfield>
</datafield>
<datafield tag="500" ind1=" " ind2=" ">
<subfield code="a">ISAW copy is from the library of Susan L. Beningson.</subfield>
<subfield code="5">NyNyUAW</subfield>
</datafield>
<datafield tag="650" ind1=" " ind2="0">
<subfield code="a">Bronzes, Iranian</subfield>
<subfield code="z">Iran</subfield>
<subfield code="z">Lurist&#257;n</subfield>
<subfield code="v">Catalogs.</subfield>
</datafield>
<datafield tag="650" ind1=" " ind2="0">
<subfield code="a">Metal-work</subfield>
<subfield code="z">Iran</subfield>
<subfield code="v">Catalogs.</subfield>
</datafield>
<datafield tag="650" ind1=" " ind2="0">
<subfield code="a">Islamic metal-work</subfield>
<subfield code="z">Iran</subfield>
<subfield code="v">Catalogs.</subfield>
</datafield>
<datafield tag="651" ind1=" " ind2="0">
<subfield code="a">Lurist&#257;n (Iran)</subfield>
<subfield code="x">History.</subfield>
</datafield>
<datafield tag="651" ind1=" " ind2="0">
<subfield code="a">Lurist&#257;n (Iran)</subfield>
<subfield code="x">Antiquities.</subfield>
</datafield>
<datafield tag="651" ind1=" " ind2="7">
<subfield code="a">Luristan.</subfield>
<subfield code="2">pleiades</subfield>
<subfield code="0">https://pleiades.stoa.org/places/191400484</subfield>
</datafield>
<datafield tag="700" ind1="1" ind2=" ">
<subfield code="a">Beningson, Susan L.,</subfield>
<subfield code="e">former owner.</subfield>
<subfield code="5">NyNyUAW</subfield>
</datafield>
<datafield tag="740" ind1="0" ind2=" ">
<subfield code="a">Beningson Collection.</subfield>
<subfield code="5">NyNyUAW</subfield>
</datafield>
<datafield tag="880" ind1="2" ind2=" ">
<subfield code="6">110-01/</subfield>
<subfield code="a">&#1605;&#1608;&#1586;&#1607;&#1574; &#1582;&#1585;&#1605;&#8204;&#1570;&#1576;&#1575;&#1583;&#1548;.</subfield>
</datafield>
<datafield tag="880" ind1="1" ind2="0">
<subfield code="6">245-02/</subfield>
<subfield code="a">&#1605;&#1601;&#1585;&#1594;&#8204;&#1607;&#1575;&#1609; &#1604;&#1585;&#1587;&#1578;&#1575;&#1606; &#1608; &#1589;&#1606;&#1575;&#1609;&#1593;&#8204;&#1601;&#1604;&#1586;&#1609; &#1575;&#1587;&#1604;&#1575;&#1605;&#1609; :</subfield>
<subfield code="b">Lorestan bronzes and Islamic metalwork : cataloque [i.e. catalogue] for the Khoramabad Museu = &#1605;&#1580;&#1605;&#1608;&#1593;&#1607; &#1605;&#1608;&#1586;&#1728; &#1582;&#1585;&#1605;&#1575;&#1576;&#1575;&#1583;.</subfield>
</datafield>
<datafield tag="OWN" ind1=" " ind2=" ">
<subfield code="a">GENERAL</subfield>
</datafield>
<datafield tag="AVA" ind1=" " ind2=" ">
<subfield code="a">NYU50</subfield>
<subfield code="b">NISAW</subfield>
<subfield code="c">Large Collection</subfield>
<subfield code="d">NK7974.A3 L8763 1975 Non-circulating</subfield>
<subfield code="e">available</subfield>
<subfield code="t">Available</subfield>
<subfield code="f">1</subfield>
<subfield code="g">0</subfield>
<subfield code="h">N</subfield>
<subfield code="i">0</subfield>
<subfield code="j">LARGE</subfield>
<subfield code="k">0</subfield>
</datafield>
</record>