<record xmlns="http://www.loc.gov/MARC21/slim" xmlns:xsi="http://www.w3.org/2001/XMLSchema-instance" xsi:schemaLocation="http://www.loc.gov/MARC21/slim http://www.loc.gov/standards/marcxml/schema/MARC21slim.xsd">
<leader>00000cam a22     Ii 4500</leader>
<controlfield tag="FMT">BK</controlfield>
<controlfield tag="LDR">00000cam a22     Ii 4500</controlfield>
<controlfield tag="001">006061282</controlfield>
<controlfield tag="005">20180427162726.0</controlfield>
<controlfield tag="008">180425s2017    it       b    001 0 eng d</controlfield>
<datafield tag="020" ind1=" " ind2=" ">
<subfield code="a">9788897530992</subfield>
</datafield>
<datafield tag="020" ind1=" " ind2=" ">
<subfield code="a">8897530990</subfield>
</datafield>
<datafield tag="035" ind1=" " ind2=" ">
<subfield code="a">(OCoLC)1022940959</subfield>
</datafield>
<datafield tag="040" ind1=" " ind2=" ">
<subfield code="a">LOA</subfield>
<subfield code="b">eng</subfield>
<subfield code="e">rda</subfield>
<subfield code="c">LOA</subfield>
<subfield code="d">OCLCO</subfield>
<subfield code="d">OCLCF</subfield>
<subfield code="d">ZYU</subfield>
</datafield>
<datafield tag="050" ind1=" " ind2="4">
<subfield code="a">P958</subfield>
<subfield code="b">.D448 2017</subfield>
</datafield>
<datafield tag="082" ind1=" " ind2="4">
<subfield code="a">QGC891.998</subfield>
</datafield>
<datafield tag="100" ind1="1" ind2=" ">
<subfield code="a">De Martino, Stefano</subfield>
<subfield code="c">(Hittitologist),</subfield>
<subfield code="e">author.</subfield>
</datafield>
<datafield tag="245" ind1="1" ind2="4">
<subfield code="a">The "Great itkalzi ritual" :</subfield>
<subfield code="b">the &#352;apinuwa tablet Or 90/1473 and its duplicate ChS I/1 5 /</subfield>
<subfield code="c">Stefano de Martino, Ayg&#252;l S&#252;el.</subfield>
</datafield>
<datafield tag="264" ind1=" " ind2="1">
<subfield code="a">Firenze :</subfield>
<subfield code="b">LoGisma editore,</subfield>
<subfield code="c">[2017]</subfield>
</datafield>
<datafield tag="300" ind1=" " ind2=" ">
<subfield code="a">86 pages ;</subfield>
<subfield code="c">24 cm.</subfield>
</datafield>
<datafield tag="336" ind1=" " ind2=" ">
<subfield code="a">text</subfield>
<subfield code="b">txt</subfield>
<subfield code="2">rdacontent</subfield>
</datafield>
<datafield tag="337" ind1=" " ind2=" ">
<subfield code="a">unmediated</subfield>
<subfield code="b">n</subfield>
<subfield code="2">rdamedia</subfield>
</datafield>
<datafield tag="338" ind1=" " ind2=" ">
<subfield code="a">volume</subfield>
<subfield code="b">nc</subfield>
<subfield code="2">rdacarrier</subfield>
</datafield>
<datafield tag="490" ind1="1" ind2=" ">
<subfield code="a">Eothen ;</subfield>
<subfield code="v">22</subfield>
</datafield>
<datafield tag="490" ind1="1" ind2=" ">
<subfield code="a">Essays on the Hurrian &#352;apinuwa Tablets ;</subfield>
<subfield code="v">2</subfield>
</datafield>
<datafield tag="504" ind1=" " ind2=" ">
<subfield code="a">Includes bibliographical references and indexes.</subfield>
</datafield>
<datafield tag="650" ind1=" " ind2="0">
<subfield code="a">Hurrian language.</subfield>
</datafield>
<datafield tag="650" ind1=" " ind2="0">
<subfield code="a">Hurrian language</subfield>
<subfield code="x">Texts.</subfield>
</datafield>
<datafield tag="650" ind1=" " ind2="0">
<subfield code="a">Hittites</subfield>
<subfield code="x">Rites and ceremonies.</subfield>
</datafield>
<datafield tag="651" ind1=" " ind2="0">
<subfield code="a">Ortak&#246;y (&#199;orum &#304;li, Turkey)</subfield>
<subfield code="x">Antiquities.</subfield>
</datafield>
<datafield tag="651" ind1=" " ind2="7">
<subfield code="a">Sapinuwa.</subfield>
<subfield code="2">pleiades</subfield>
<subfield code="0">https://pleiades.stoa.org/places/964671598</subfield>
</datafield>
<datafield tag="650" ind1=" " ind2="7">
<subfield code="a">Antiquities.</subfield>
<subfield code="2">fast</subfield>
<subfield code="0">(OCoLC)fst00810745</subfield>
</datafield>
<datafield tag="650" ind1=" " ind2="7">
<subfield code="a">Hurrian language.</subfield>
<subfield code="2">fast</subfield>
<subfield code="0">(OCoLC)fst00964304</subfield>
</datafield>
<datafield tag="651" ind1=" " ind2="7">
<subfield code="a">Turkey</subfield>
<subfield code="z">Ortak&#246;y (&#199;orum &#304;li)</subfield>
<subfield code="2">fast</subfield>
<subfield code="0">(OCoLC)fst01325597</subfield>
</datafield>
<datafield tag="655" ind1=" " ind2="7">
<subfield code="a">Texts.</subfield>
<subfield code="2">fast</subfield>
<subfield code="0">(OCoLC)fst01423705</subfield>
</datafield>
<datafield tag="700" ind1="1" ind2=" ">
<subfield code="a">S&#252;el, Ayg&#252;l,</subfield>
<subfield code="e">author.</subfield>
</datafield>
<datafield tag="830" ind1=" " ind2="0">
<subfield code="a">Eothen ;</subfield>
<subfield code="v">22.</subfield>
</datafield>
<datafield tag="830" ind1=" " ind2="0">
<subfield code="a">Eothen.</subfield>
<subfield code="p">Essays on the Hurrian &#352;apinuwa Tablets ;</subfield>
<subfield code="v">2.</subfield>
</datafield>
<datafield tag="OWN" ind1=" " ind2=" ">
<subfield code="a">GENERAL</subfield>
</datafield>
<datafield tag="AVA" ind1=" " ind2=" ">
<subfield code="a">NYU50</subfield>
<subfield code="b">NISAW</subfield>
<subfield code="c">Small Collection</subfield>
<subfield code="d">P958 .D448 2017 Non-circulating</subfield>
<subfield code="e">available</subfield>
<subfield code="t">Available</subfield>
<subfield code="f">1</subfield>
<subfield code="g">0</subfield>
<subfield code="h">N</subfield>
<subfield code="i">0</subfield>
<subfield code="j">SMALL</subfield>
<subfield code="k">0</subfield>
</datafield>
</record>