<record xmlns="http://www.loc.gov/MARC21/slim" xmlns:xsi="http://www.w3.org/2001/XMLSchema-instance" xsi:schemaLocation="http://www.loc.gov/MARC21/slim http://www.loc.gov/standards/marcxml/schema/MARC21slim.xsd">
<leader>00000cam a2200901Ia 4500</leader>
<controlfield tag="FMT">BK</controlfield>
<controlfield tag="LDR">00000cam a2200901Ia 4500</controlfield>
<controlfield tag="001">000381301</controlfield>
<controlfield tag="003">OCoLC</controlfield>
<controlfield tag="005">20180410092224.0</controlfield>
<controlfield tag="008">060825s2006    sz       b    001 0 ger d</controlfield>
<datafield tag="015" ind1=" " ind2=" ">
<subfield code="a">06,N30,1627</subfield>
<subfield code="2">dnb</subfield>
</datafield>
<datafield tag="016" ind1="7" ind2=" ">
<subfield code="a">980575559</subfield>
<subfield code="2">DE-101</subfield>
</datafield>
<datafield tag="020" ind1=" " ind2=" ">
<subfield code="a">3525530161</subfield>
<subfield code="q">(Vandenhoeck &amp; Ruprecht ;</subfield>
<subfield code="q">pbk.)</subfield>
</datafield>
<datafield tag="020" ind1=" " ind2=" ">
<subfield code="a">9783525530160</subfield>
<subfield code="q">(Vandenhoeck &amp; Ruprecht ;</subfield>
<subfield code="q">pbk.)</subfield>
</datafield>
<datafield tag="020" ind1=" " ind2=" ">
<subfield code="a">3727815515</subfield>
<subfield code="q">(Academic Press Fribourg ;</subfield>
<subfield code="q">pbk.)</subfield>
</datafield>
<datafield tag="020" ind1=" " ind2=" ">
<subfield code="a">9783727815515</subfield>
<subfield code="q">(Academic Press Fribourg ;</subfield>
<subfield code="q">pbk.)</subfield>
</datafield>
<datafield tag="024" ind1="3" ind2=" ">
<subfield code="a">9783727815515</subfield>
</datafield>
<datafield tag="035" ind1=" " ind2=" ">
<subfield code="a">(OCoLC)71200392</subfield>
</datafield>
<datafield tag="040" ind1=" " ind2=" ">
<subfield code="a">OHX</subfield>
<subfield code="b">eng</subfield>
<subfield code="c">OHX</subfield>
<subfield code="d">EMT</subfield>
<subfield code="d">YDXCP</subfield>
<subfield code="d">LVB</subfield>
<subfield code="d">NLGGC</subfield>
<subfield code="d">XII</subfield>
<subfield code="d">SZ9XM</subfield>
<subfield code="d">HEBIS</subfield>
<subfield code="d">OL</subfield>
<subfield code="d">OCLCO</subfield>
<subfield code="d">OCLCF</subfield>
<subfield code="d">OCLCQ</subfield>
<subfield code="d">DEBBG</subfield>
<subfield code="d">OCLCQ</subfield>
<subfield code="d">OCLCO</subfield>
<subfield code="d">HLS</subfield>
<subfield code="d">OCLCQ</subfield>
<subfield code="d">ZYU</subfield>
</datafield>
<datafield tag="041" ind1="0" ind2=" ">
<subfield code="a">ger</subfield>
<subfield code="a">sux</subfield>
<subfield code="b">eng</subfield>
</datafield>
<datafield tag="050" ind1=" " ind2="4">
<subfield code="a">PJ3223</subfield>
<subfield code="b">.M58 2006</subfield>
</datafield>
<datafield tag="072" ind1=" " ind2="7">
<subfield code="a">PJ</subfield>
<subfield code="2">lcco</subfield>
</datafield>
<datafield tag="082" ind1="0" ind2="4">
<subfield code="a">499.95</subfield>
<subfield code="2">22</subfield>
</datafield>
<datafield tag="084" ind1=" " ind2=" ">
<subfield code="a">18.70</subfield>
<subfield code="2">bcl</subfield>
</datafield>
<datafield tag="084" ind1=" " ind2=" ">
<subfield code="a">BC 7575</subfield>
<subfield code="2">rvk</subfield>
</datafield>
<datafield tag="084" ind1=" " ind2=" ">
<subfield code="a">BC 8313</subfield>
<subfield code="2">rvk</subfield>
</datafield>
<datafield tag="084" ind1=" " ind2=" ">
<subfield code="a">BC 8323</subfield>
<subfield code="2">rvk</subfield>
</datafield>
<datafield tag="084" ind1=" " ind2=" ">
<subfield code="a">EM 2000</subfield>
<subfield code="2">rvk</subfield>
</datafield>
<datafield tag="084" ind1=" " ind2=" ">
<subfield code="a">930</subfield>
<subfield code="2">sdnb</subfield>
</datafield>
<datafield tag="084" ind1=" " ind2=" ">
<subfield code="a">6,12</subfield>
<subfield code="2">ssgn</subfield>
</datafield>
<datafield tag="100" ind1="1" ind2=" ">
<subfield code="a">Mittermayer, Catherine.</subfield>
</datafield>
<datafield tag="245" ind1="1" ind2="0">
<subfield code="a">Altbabylonische Zeichenliste der sumerisch-literarischen Texte /</subfield>
<subfield code="c">Catherine Mittermayer ; unter Mitarbeit von Pascal Attinger.</subfield>
</datafield>
<datafield tag="260" ind1=" " ind2=" ">
<subfield code="a">Fribourg [Switzerland] :</subfield>
<subfield code="b">Academic Press ;</subfield>
<subfield code="a">G&#246;ttingen :</subfield>
<subfield code="b">Vandenhoeck &amp; Ruprecht,</subfield>
<subfield code="c">2006.</subfield>
</datafield>
<datafield tag="300" ind1=" " ind2=" ">
<subfield code="a">xi, 285, [7] pages ;</subfield>
<subfield code="c">23 cm.</subfield>
</datafield>
<datafield tag="336" ind1=" " ind2=" ">
<subfield code="a">text</subfield>
<subfield code="b">txt</subfield>
<subfield code="2">rdacontent</subfield>
</datafield>
<datafield tag="337" ind1=" " ind2=" ">
<subfield code="a">unmediated</subfield>
<subfield code="b">n</subfield>
<subfield code="2">rdamedia</subfield>
</datafield>
<datafield tag="338" ind1=" " ind2=" ">
<subfield code="a">volume</subfield>
<subfield code="b">nc</subfield>
<subfield code="2">rdacarrier</subfield>
</datafield>
<datafield tag="490" ind1="1" ind2=" ">
<subfield code="a">Orbis biblicus et orientalis,</subfield>
<subfield code="x">1015-1850 ;</subfield>
<subfield code="v">Sonderband</subfield>
</datafield>
<datafield tag="546" ind1=" " ind2=" ">
<subfield code="a">Includes summary in English on p. [292].</subfield>
</datafield>
<datafield tag="504" ind1=" " ind2=" ">
<subfield code="a">Includes bibliographical references (pages 206-211) and indexes.</subfield>
</datafield>
<datafield tag="650" ind1=" " ind2="0">
<subfield code="a">Cuneiform writing.</subfield>
</datafield>
<datafield tag="650" ind1=" " ind2="0">
<subfield code="a">Cuneiform inscriptions, Sumerian.</subfield>
</datafield>
<datafield tag="650" ind1=" " ind2="0">
<subfield code="a">Sumerian language</subfield>
<subfield code="v">Glossaries, vocabularies, etc.</subfield>
</datafield>
<datafield tag="651" ind1=" " ind2="7">
<subfield code="a">Sumer.</subfield>
<subfield code="2">pleiades</subfield>
<subfield code="0">https://pleiades.stoa.org/places/202833934</subfield>
</datafield>
<datafield tag="650" ind1=" " ind2="7">
<subfield code="a">Cuneiform inscriptions, Sumerian.</subfield>
<subfield code="2">fast</subfield>
<subfield code="0">(OCoLC)fst00885199</subfield>
</datafield>
<datafield tag="650" ind1=" " ind2="7">
<subfield code="a">Cuneiform writing.</subfield>
<subfield code="2">fast</subfield>
<subfield code="0">(OCoLC)fst00885203</subfield>
</datafield>
<datafield tag="650" ind1=" " ind2="7">
<subfield code="a">Sumerian language.</subfield>
<subfield code="2">fast</subfield>
<subfield code="0">(OCoLC)fst01138450</subfield>
</datafield>
<datafield tag="655" ind1=" " ind2="7">
<subfield code="a">Glossaries, vocabularies, etc.</subfield>
<subfield code="2">fast</subfield>
<subfield code="0">(OCoLC)fst01423786</subfield>
</datafield>
<datafield tag="700" ind1="1" ind2=" ">
<subfield code="a">Attinger, Pascal,</subfield>
<subfield code="d">1952-</subfield>
</datafield>
<datafield tag="776" ind1="0" ind2="8">
<subfield code="i">Online version:</subfield>
<subfield code="a">Mittermayer, Catherine.</subfield>
<subfield code="t">Altbabylonische Zeichenliste der sumerisch-literarischen Texte.</subfield>
<subfield code="d">Fribourg [Switzerland] : Academic Press ; G&#246;ttingen : Vandenhoeck &amp; Ruprecht, 2006</subfield>
<subfield code="w">(OCoLC)652479816</subfield>
</datafield>
<datafield tag="830" ind1=" " ind2="0">
<subfield code="a">Orbis biblicus et orientalis.</subfield>
<subfield code="p">Sonderband.</subfield>
</datafield>
<datafield tag="856" ind1="4" ind2="1">
<subfield code="3">Table of contents</subfield>
<subfield code="u">http://bvbr.bib-bvb.de:8991/F?func=service&amp;doc_library=BVB01&amp;local_base=BVB01&amp;doc_number=014914300&amp;line_number=0001&amp;func_code=DB_RECORDS&amp;service_type=MEDIA</subfield>
</datafield>
<datafield tag="856" ind1="4" ind2="2">
<subfield code="3">Inhaltstext</subfield>
<subfield code="u">http://deposit.d-nb.de/cgi-bin/dokserv?id=2833148&amp;prov=M&amp;dok_var=1&amp;dok_ext=htm</subfield>
</datafield>
<datafield tag="994" ind1=" " ind2=" ">
<subfield code="a">Z0</subfield>
<subfield code="b">ZYU</subfield>
</datafield>
<datafield tag="OWN" ind1=" " ind2=" ">
<subfield code="a">GENERAL</subfield>
</datafield>
<datafield tag="AVA" ind1=" " ind2=" ">
<subfield code="a">NYU50</subfield>
<subfield code="b">BOBST</subfield>
<subfield code="c">Main Collection</subfield>
<subfield code="d">PJ3223 .M455 2006</subfield>
<subfield code="e">unavailable</subfield>
<subfield code="t">Unavailable</subfield>
<subfield code="f">1</subfield>
<subfield code="g">1</subfield>
<subfield code="h">N</subfield>
<subfield code="i">7</subfield>
<subfield code="j">MAIN</subfield>
<subfield code="k">0</subfield>
</datafield>
<datafield tag="AVA" ind1=" " ind2=" ">
<subfield code="a">NYU50</subfield>
<subfield code="b">NISAW</subfield>
<subfield code="c">Reference 4 Collection</subfield>
<subfield code="d">PJ3223 .M58 2006 Non-circulating</subfield>
<subfield code="e">available</subfield>
<subfield code="t">Available</subfield>
<subfield code="f">1</subfield>
<subfield code="g">0</subfield>
<subfield code="h">N</subfield>
<subfield code="i">0</subfield>
<subfield code="j">REF4</subfield>
<subfield code="k">0</subfield>
</datafield>
</record>