<record xmlns="http://www.loc.gov/MARC21/slim" xmlns:xsi="http://www.w3.org/2001/XMLSchema-instance" xsi:schemaLocation="http://www.loc.gov/MARC21/slim http://www.loc.gov/standards/marcxml/schema/MARC21slim.xsd">
<leader>00000cam a2200901 a 4500</leader>
<controlfield tag="FMT">BK</controlfield>
<controlfield tag="LDR">00000cam a2200901 a 4500</controlfield>
<controlfield tag="001">001984766</controlfield>
<controlfield tag="003">OCoLC</controlfield>
<controlfield tag="005">20180118153116.0</controlfield>
<controlfield tag="008">000906m19909999tu a     b    000 0 tur</controlfield>
<datafield tag="010" ind1=" " ind2=" ">
<subfield code="a">95962248</subfield>
</datafield>
<datafield tag="020" ind1=" " ind2=" ">
<subfield code="a">9789751602466</subfield>
<subfield code="q">(tk.)</subfield>
</datafield>
<datafield tag="020" ind1=" " ind2=" ">
<subfield code="a">9751602467</subfield>
<subfield code="q">(tk.)</subfield>
</datafield>
<datafield tag="020" ind1=" " ind2=" ">
<subfield code="a">9789751602473</subfield>
<subfield code="q">(v. 1)</subfield>
</datafield>
<datafield tag="020" ind1=" " ind2=" ">
<subfield code="a">9751602475</subfield>
<subfield code="q">(v. 1)</subfield>
</datafield>
<datafield tag="020" ind1=" " ind2=" ">
<subfield code="a">9789751606914</subfield>
<subfield code="q">(v. 2)</subfield>
</datafield>
<datafield tag="020" ind1=" " ind2=" ">
<subfield code="a">9751606918</subfield>
<subfield code="q">(v. 2)</subfield>
</datafield>
<datafield tag="020" ind1=" " ind2=" ">
<subfield code="a">3515066985</subfield>
<subfield code="q">(v. 3)</subfield>
</datafield>
<datafield tag="020" ind1=" " ind2=" ">
<subfield code="a">9789751619204</subfield>
<subfield code="q">(v. 4)</subfield>
</datafield>
<datafield tag="020" ind1=" " ind2=" ">
<subfield code="a">9751619203</subfield>
<subfield code="q">(v. 4)</subfield>
</datafield>
<datafield tag="020" ind1=" " ind2=" ">
<subfield code="a">9789751622358</subfield>
<subfield code="q">(v. 5)</subfield>
</datafield>
<datafield tag="020" ind1=" " ind2=" ">
<subfield code="a">9751622352</subfield>
<subfield code="q">(v. 5)</subfield>
</datafield>
<datafield tag="020" ind1=" " ind2=" ">
<subfield code="a">9789751622365</subfield>
<subfield code="q">(v. 6a)</subfield>
</datafield>
<datafield tag="020" ind1=" " ind2=" ">
<subfield code="a">9751622360</subfield>
<subfield code="q">(v. 6a)</subfield>
</datafield>
<datafield tag="020" ind1=" " ind2=" ">
<subfield code="a">9789751626288</subfield>
<subfield code="q">(v. 6b)</subfield>
</datafield>
<datafield tag="020" ind1=" " ind2=" ">
<subfield code="a">9751626285</subfield>
<subfield code="q">(v. 6b)</subfield>
</datafield>
<datafield tag="020" ind1=" " ind2=" ">
<subfield code="a">9789751629364</subfield>
<subfield code="q">(v. 6c)</subfield>
</datafield>
<datafield tag="020" ind1=" " ind2=" ">
<subfield code="a">9751629365</subfield>
<subfield code="q">(v. 6c)</subfield>
</datafield>
<datafield tag="020" ind1=" " ind2=" ">
<subfield code="a">9789751629357</subfield>
<subfield code="q">(v. 7a)</subfield>
</datafield>
<datafield tag="020" ind1=" " ind2=" ">
<subfield code="a">9751629357</subfield>
<subfield code="q">(v. 7a)</subfield>
</datafield>
<datafield tag="020" ind1=" " ind2=" ">
<subfield code="a">9789751632692</subfield>
<subfield code="q">(v. 8)</subfield>
</datafield>
<datafield tag="020" ind1=" " ind2=" ">
<subfield code="a">9751632692</subfield>
<subfield code="q">(v. 8)</subfield>
</datafield>
<datafield tag="020" ind1=" " ind2=" ">
<subfield code="a">9789751631862</subfield>
<subfield code="q">(9a)</subfield>
</datafield>
<datafield tag="020" ind1=" " ind2=" ">
<subfield code="a">9751631866</subfield>
<subfield code="q">(9a)</subfield>
</datafield>
<datafield tag="020" ind1=" " ind2=" ">
<subfield code="a">9789751632494</subfield>
<subfield code="q">(10)</subfield>
</datafield>
<datafield tag="020" ind1=" " ind2=" ">
<subfield code="a">9751632498</subfield>
<subfield code="q">(10)</subfield>
</datafield>
<datafield tag="035" ind1=" " ind2=" ">
<subfield code="a">(OCoLC)46364476</subfield>
<subfield code="z">(OCoLC)23612515</subfield>
</datafield>
<datafield tag="037" ind1=" " ind2=" ">
<subfield code="a">2203</subfield>
<subfield code="b">TVG</subfield>
</datafield>
<datafield tag="040" ind1=" " ind2=" ">
<subfield code="a">DLC</subfield>
<subfield code="b">eng</subfield>
<subfield code="c">DLC</subfield>
<subfield code="d">GEBAY</subfield>
<subfield code="d">CGU</subfield>
<subfield code="d">HLS</subfield>
<subfield code="d">OSU</subfield>
<subfield code="d">TVG</subfield>
<subfield code="d">N15</subfield>
<subfield code="d">OCLCF</subfield>
<subfield code="d">OCLCQ</subfield>
<subfield code="d">OCLCO</subfield>
<subfield code="d">CUY</subfield>
<subfield code="d">CLU</subfield>
<subfield code="d">OCLCQ</subfield>
<subfield code="d">CUY</subfield>
<subfield code="d">OCLCO</subfield>
<subfield code="d">CUY</subfield>
<subfield code="d">OCLCO</subfield>
<subfield code="d">OCLCA</subfield>
<subfield code="d">ZYU</subfield>
</datafield>
<datafield tag="042" ind1=" " ind2=" ">
<subfield code="a">lcode</subfield>
</datafield>
<datafield tag="043" ind1=" " ind2=" ">
<subfield code="a">a-tu---</subfield>
</datafield>
<datafield tag="050" ind1="0" ind2="0">
<subfield code="a">PJ3701</subfield>
<subfield code="b">.B55 1995</subfield>
</datafield>
<datafield tag="079" ind1=" " ind2=" ">
<subfield code="a">(OCoLC)46364476</subfield>
</datafield>
<datafield tag="100" ind1="1" ind2=" ">
<subfield code="a">Bilgi&#231;, Emin,</subfield>
<subfield code="d">1916-</subfield>
</datafield>
<datafield tag="245" ind1="1" ind2="0">
<subfield code="a">Ankara K&#252;ltepe tabletleri /</subfield>
<subfield code="c">haz&#305;rlayanlar, Emin Bilgi&#231;, Sabahattin Bayram.</subfield>
</datafield>
<datafield tag="246" ind1="1" ind2=" ">
<subfield code="i">Vol. 4-&lt;7a, 8, 9a, 10&gt; have title:</subfield>
<subfield code="a">K&#252;ltepe tabletleri</subfield>
</datafield>
<datafield tag="246" ind1="1" ind2=" ">
<subfield code="i">Vol. 3 has title:</subfield>
<subfield code="a">Ankaraner K&#252;ltepe-Texte</subfield>
</datafield>
<datafield tag="260" ind1=" " ind2=" ">
<subfield code="a">Ankara :</subfield>
<subfield code="b">T&#252;rk Tarih Kurumu Bas&#305;mevi,</subfield>
<subfield code="c">1990-&lt;2017&gt;</subfield>
</datafield>
<datafield tag="300" ind1=" " ind2=" ">
<subfield code="a">volumes &lt;1-2, 4-7a, 8, 9a, 10&gt; :</subfield>
<subfield code="b">illustrations (some color) ;</subfield>
<subfield code="c">24-32 cm.</subfield>
</datafield>
<datafield tag="336" ind1=" " ind2=" ">
<subfield code="a">text</subfield>
<subfield code="b">txt</subfield>
<subfield code="2">rdacontent</subfield>
</datafield>
<datafield tag="337" ind1=" " ind2=" ">
<subfield code="a">unmediated</subfield>
<subfield code="b">n</subfield>
<subfield code="2">rdamedia</subfield>
</datafield>
<datafield tag="338" ind1=" " ind2=" ">
<subfield code="a">volume</subfield>
<subfield code="b">nc</subfield>
<subfield code="2">rdacarrier</subfield>
</datafield>
<datafield tag="490" ind1="1" ind2=" ">
<subfield code="a">T&#252;rk Tarih Kurumu yay&#305;nlar&#305;. VI. dizi ;</subfield>
<subfield code="v">sa. 33</subfield>
</datafield>
<datafield tag="500" ind1=" " ind2=" ">
<subfield code="a">ISAW copy (v. 1) is from the library of Robert D. Biggs.</subfield>
<subfield code="5">NyNyUAW</subfield>
</datafield>
<datafield tag="504" ind1=" " ind2=" ">
<subfield code="a">Includes bibliographical references.</subfield>
</datafield>
<datafield tag="500" ind1=" " ind2=" ">
<subfield code="a">Vol. 3 pub.: Stuttgart, Steiner, 1995, with title: Ankaraner Kultepe-Texte.</subfield>
</datafield>
<datafield tag="500" ind1=" " ind2=" ">
<subfield code="a">Vol. 3 has series statement: Freiburger altorientalische Studien. Beihefte, Altassyrische Texte und Untersuchungen; Bd. 3.</subfield>
</datafield>
<datafield tag="505" ind1="1" ind2="0">
<subfield code="g">1.-2. [without special title] --</subfield>
<subfield code="g">3.</subfield>
<subfield code="t">Texte der Grabungskampagne 1970 /</subfield>
<subfield code="r">deutsche &#220;bersetzung von Karl Hecker --</subfield>
<subfield code="g">4.</subfield>
<subfield code="t">Kt. o/k /</subfield>
<subfield code="r">&#304;rfan Albayrak --</subfield>
<subfield code="g">5.</subfield>
<subfield code="t">The archive of Kuliya, son of Ali-abum (Kt. 92/k 188-263) /</subfield>
<subfield code="r">Klaas R. Veenhov --</subfield>
<subfield code="g">6a.</subfield>
<subfield code="t">The archive of the &#352;alim-A&#353;&#353;ur Family : The first two generations /</subfield>
<subfield code="r">Mogens Trolle Larsen.</subfield>
<subfield code="g">6b.</subfield>
<subfield code="t">The archive of the &#352;alim-A&#353;&#353;ur Family : Ennam-A&#353;&#353;ur /</subfield>
<subfield code="r">Mogens Trolle Larsen.</subfield>
<subfield code="g">6c.</subfield>
<subfield code="t">The archive of the &#352;alim-A&#353;&#353;ur Family : Ali-ahum /</subfield>
<subfield code="r">Mogens Trolle Larsen -- -- v. 7a.</subfield>
<subfield code="t">A&#353;&#353;ur-r&#275;&#700;&#299;&#700; Ailesinin Ar&#537;ivi :A&#353;&#353;ur-r&#275;&#700;&#299;&#700;nin Kendi Metinleri /</subfield>
<subfield code="r">Sebahatti&#775;n Bayram, Remzi Kuzuo&#287;lu --</subfield>
<subfield code="g">8.</subfield>
<subfield code="t">The archive of Elamma, son of Iddin-Suen, and his family (Kt. 91/k 285-568 and Kt. 92/k 94-187) /</subfield>
<subfield code="r">K.R. Veenhof --</subfield>
<subfield code="g">9a.</subfield>
<subfield code="t">Buzutaya ve Lipt-&#304;&#353;tar Ar&#351;ivleri 1950 y&#305;l&#305; tabletlerinden (Kt. c/k) se&#231;ilmi&#351; metliner /</subfield>
<subfield code="r">&#304;rfan Albayrak, Hakan Erol --</subfield>
<subfield code="g">10.</subfield>
<subfield code="t">Anadolulu t&#252;ccarlar &#352;arabunuwa ve Peruwa'n&#305;n ar&#351;ivleri /</subfield>
<subfield code="r">Cahit G&#252;nbatt&#305;</subfield>
</datafield>
<datafield tag="583" ind1="1" ind2=" ">
<subfield code="a">committed to retain</subfield>
<subfield code="c">20160630</subfield>
<subfield code="d">20310630</subfield>
<subfield code="f">EAST</subfield>
<subfield code="h">Elmer Holmes Bobst Library</subfield>
<subfield code="z">This title retained by New York University Libraries on behalf of the Eastern Academic Scholars Trust (EAST)</subfield>
<subfield code="5">NNU</subfield>
</datafield>
<datafield tag="650" ind1=" " ind2="0">
<subfield code="a">Cuneiform tablets</subfield>
<subfield code="z">Turkey</subfield>
<subfield code="z">Kanesh (Extinct city)</subfield>
</datafield>
<datafield tag="650" ind1=" " ind2="0">
<subfield code="a">Akkadian language</subfield>
<subfield code="v">Texts.</subfield>
</datafield>
<datafield tag="650" ind1=" " ind2="0">
<subfield code="a">Akkadian language</subfield>
<subfield code="x">Dialects</subfield>
<subfield code="z">Turkey</subfield>
<subfield code="z">Cappadocia.</subfield>
</datafield>
<datafield tag="650" ind1=" " ind2="0">
<subfield code="a">Archives</subfield>
<subfield code="z">Turkey</subfield>
<subfield code="z">Kanesh (Extinct city)</subfield>
</datafield>
<datafield tag="651" ind1=" " ind2="0">
<subfield code="a">Kanesh (Extinct city)</subfield>
</datafield>
<datafield tag="651" ind1=" " ind2="7">
<subfield code="a">Anisa.</subfield>
<subfield code="2">pleiades</subfield>
<subfield code="0">https://pleiades.stoa.org/places/628923</subfield>
</datafield>
<datafield tag="650" ind1=" " ind2="4">
<subfield code="a">Akad dili</subfield>
<subfield code="v">Metinler.</subfield>
</datafield>
<datafield tag="650" ind1=" " ind2="4">
<subfield code="a">&#199;ivi yaz&#305;s&#305; tabletler, Akad.</subfield>
</datafield>
<datafield tag="700" ind1="1" ind2=" ">
<subfield code="a">Biggs, Robert D.,</subfield>
<subfield code="e">former owner.</subfield>
<subfield code="5">NyNyUAW</subfield>
</datafield>
<datafield tag="740" ind1="0" ind2=" ">
<subfield code="a">Biggs Collection.</subfield>
<subfield code="5">NyNyUAW</subfield>
</datafield>
<datafield tag="700" ind1="1" ind2=" ">
<subfield code="a">Bayram, Sabahattin.</subfield>
</datafield>
<datafield tag="700" ind1="1" ind2=" ">
<subfield code="a">Albayrak, &#304;rfan.</subfield>
</datafield>
<datafield tag="700" ind1="1" ind2=" ">
<subfield code="a">Veenhof, K. R.</subfield>
</datafield>
<datafield tag="700" ind1="1" ind2=" ">
<subfield code="a">Kuzuo&#287;lu, Remzi.</subfield>
</datafield>
<datafield tag="700" ind1="1" ind2=" ">
<subfield code="a">Larsen, Mogens Trolle.</subfield>
</datafield>
<datafield tag="700" ind1="1" ind2=" ">
<subfield code="a">Erol, Hakan.</subfield>
</datafield>
<datafield tag="700" ind1="1" ind2=" ">
<subfield code="a">G&#252;nbatt&#305;, Cahit.</subfield>
</datafield>
<datafield tag="700" ind1="1" ind2=" ">
<subfield code="a">Hecker, Karl,</subfield>
<subfield code="d">1933-</subfield>
</datafield>
<datafield tag="830" ind1=" " ind2="0">
<subfield code="a">T&#252;rk Tarih Kurumu yay&#305;nlar&#305;.</subfield>
<subfield code="n">VI. dizi ;</subfield>
<subfield code="v">sa. 33.</subfield>
</datafield>
<datafield tag="830" ind1=" " ind2="0">
<subfield code="a">Freiburger altorientalische Studien.</subfield>
<subfield code="p">Beihefte, Altassyrische Texte und Untersuchungen ;</subfield>
<subfield code="v">Bd. 3.</subfield>
</datafield>
<datafield tag="OWN" ind1=" " ind2=" ">
<subfield code="a">GENERAL</subfield>
</datafield>
<datafield tag="950" ind1=" " ind2=" ">
<subfield code="l">BMAIN</subfield>
<subfield code="a">PJ3591</subfield>
<subfield code="b">.A2 1990</subfield>
<subfield code="d">\Oversize\</subfield>
<subfield code="n">455:sl\Unanalyzed\</subfield>
<subfield code="h">01/14/92 C</subfield>
</datafield>
<datafield tag="955" ind1=" " ind2=" ">
<subfield code="l">BMAIN</subfield>
<subfield code="c">1:v.1</subfield>
<subfield code="r">015785507</subfield>
<subfield code="h">01/14/92 C</subfield>
</datafield>
<datafield tag="AVA" ind1=" " ind2=" ">
<subfield code="a">NYU50</subfield>
<subfield code="b">BOBST</subfield>
<subfield code="c">Main Collection</subfield>
<subfield code="d">PJ3591 .A2 1990 Oversize</subfield>
<subfield code="e">available</subfield>
<subfield code="t">Available</subfield>
<subfield code="f">2</subfield>
<subfield code="g">0</subfield>
<subfield code="h">Y</subfield>
<subfield code="i">0</subfield>
<subfield code="j">MAIN</subfield>
<subfield code="k">0</subfield>
</datafield>
<datafield tag="AVA" ind1=" " ind2=" ">
<subfield code="a">NYU50</subfield>
<subfield code="b">NISAW</subfield>
<subfield code="c">Large Collection</subfield>
<subfield code="d">PJ3591.A2 A53 Non-circulating</subfield>
<subfield code="e">available</subfield>
<subfield code="t">Available</subfield>
<subfield code="f">12</subfield>
<subfield code="g">0</subfield>
<subfield code="h">Y</subfield>
<subfield code="i">0</subfield>
<subfield code="j">LARGE</subfield>
<subfield code="k">0</subfield>
</datafield>
</record>