<record xmlns="http://www.loc.gov/MARC21/slim" xmlns:xsi="http://www.w3.org/2001/XMLSchema-instance" xsi:schemaLocation="http://www.loc.gov/MARC21/slim http://www.loc.gov/standards/marcxml/schema/MARC21slim.xsd">
<leader>00000nam a2200301 a 4500</leader>
<controlfield tag="FMT">BK</controlfield>
<controlfield tag="LDR">00000nam a2200301 a 4500</controlfield>
<controlfield tag="001">001458454</controlfield>
<controlfield tag="003">NNU</controlfield>
<controlfield tag="005">20180405110117.0</controlfield>
<controlfield tag="008">971219m19979999fr a     b    000 0 fre c</controlfield>
<datafield tag="020" ind1=" " ind2=" ">
<subfield code="a">2906053457</subfield>
<subfield code="q">(v. 1)</subfield>
</datafield>
<datafield tag="020" ind1=" " ind2=" ">
<subfield code="a">9782906053458</subfield>
<subfield code="q">(v. 1)</subfield>
</datafield>
<datafield tag="035" ind1="9" ind2=" ">
<subfield code="a">NYUb11895128</subfield>
</datafield>
<datafield tag="035" ind1=" " ind2=" ">
<subfield code="a">(NIC)notisAQE6542</subfield>
</datafield>
<datafield tag="035" ind1=" " ind2=" ">
<subfield code="a">(CStRLIN)NYCXAQE6542-B</subfield>
</datafield>
<datafield tag="040" ind1=" " ind2=" ">
<subfield code="a">NIC</subfield>
<subfield code="c">NIC</subfield>
<subfield code="d">NNU</subfield>
</datafield>
<datafield tag="041" ind1="1" ind2=" ">
<subfield code="a">fre</subfield>
<subfield code="a">akk</subfield>
<subfield code="h">akk</subfield>
</datafield>
<datafield tag="042" ind1=" " ind2=" ">
<subfield code="a">pcc</subfield>
</datafield>
<datafield tag="043" ind1=" " ind2=" ">
<subfield code="a">a-tu---</subfield>
</datafield>
<datafield tag="050" ind1=" " ind2="0">
<subfield code="a">PJ3721.K36</subfield>
<subfield code="b">M53 1997</subfield>
</datafield>
<datafield tag="079" ind1=" " ind2=" ">
<subfield code="a">(OCoLC)42350581</subfield>
</datafield>
<datafield tag="245" ind1="0" ind2="0">
<subfield code="a">Tablettes paleo-assyriennes de K&#252;ltepe /</subfield>
<subfield code="c">C&#233;cile Michel et Paul Garelli.</subfield>
</datafield>
<datafield tag="260" ind1=" " ind2=" ">
<subfield code="a">Paris :</subfield>
<subfield code="b">De Boccard,</subfield>
<subfield code="c">1997-</subfield>
</datafield>
<datafield tag="300" ind1=" " ind2=" ">
<subfield code="a">v. :</subfield>
<subfield code="b">ill. ;</subfield>
<subfield code="c">24 cm.</subfield>
</datafield>
<datafield tag="500" ind1=" " ind2=" ">
<subfield code="a">At head of title: Institut fran&#231;ais d'&#233;tudes anatoliennes d'Istanbul.</subfield>
</datafield>
<datafield tag="505" ind1="1" ind2=" ">
<subfield code="a">v. 1. Kt90/k</subfield>
</datafield>
<datafield tag="583" ind1="1" ind2=" ">
<subfield code="a">committed to retain</subfield>
<subfield code="c">20160630</subfield>
<subfield code="d">20310630</subfield>
<subfield code="f">EAST</subfield>
<subfield code="h">Elmer Holmes Bobst Library</subfield>
<subfield code="z">This title retained by New York University Libraries on behalf of the Eastern Academic Scholars Trust (EAST)</subfield>
<subfield code="5">NNU</subfield>
</datafield>
<datafield tag="650" ind1=" " ind2="0">
<subfield code="a">Cuneiform tablets</subfield>
<subfield code="z">Turkey</subfield>
<subfield code="z">Kanesh (Extinct city)</subfield>
</datafield>
<datafield tag="650" ind1=" " ind2="0">
<subfield code="a">Akkadian language</subfield>
<subfield code="x">Dialects</subfield>
<subfield code="z">Turkey</subfield>
<subfield code="z">Cappadocia.</subfield>
</datafield>
<datafield tag="650" ind1=" " ind2="0">
<subfield code="a">Akkadian language</subfield>
<subfield code="v">Texts.</subfield>
</datafield>
<datafield tag="651" ind1=" " ind2="0">
<subfield code="a">Kanesh (Extinct city)</subfield>
<subfield code="x">Economic conditions</subfield>
<subfield code="v">Sources.</subfield>
</datafield>
<datafield tag="650" ind1=" " ind2="0">
<subfield code="a">Assyro-Babylonian letters.</subfield>
</datafield>
<datafield tag="651" ind1=" " ind2="7">
<subfield code="a">Anisa.</subfield>
<subfield code="2">pleiades</subfield>
<subfield code="0">https://pleiades.stoa.org/places/628923</subfield>
</datafield>
<datafield tag="700" ind1="1" ind2=" ">
<subfield code="a">Michel, C&#233;cile.</subfield>
</datafield>
<datafield tag="700" ind1="1" ind2=" ">
<subfield code="a">Garelli, Paul.</subfield>
</datafield>
<datafield tag="710" ind1="2" ind2=" ">
<subfield code="a">Institut fran&#231;ais d'&#233;tudes anatoliennes d'Istanbul.</subfield>
</datafield>
<datafield tag="OWN" ind1=" " ind2=" ">
<subfield code="a">GENERAL</subfield>
</datafield>
<datafield tag="950" ind1=" " ind2=" ">
<subfield code="a">PJ\3721\.K36</subfield>
<subfield code="b">M53\1997</subfield>
</datafield>
<datafield tag="AVA" ind1=" " ind2=" ">
<subfield code="a">NYU50</subfield>
<subfield code="b">BOBST</subfield>
<subfield code="c">Main Collection</subfield>
<subfield code="d">PJ3721.K36 M53 1997</subfield>
<subfield code="e">available</subfield>
<subfield code="t">Available</subfield>
<subfield code="f">1</subfield>
<subfield code="g">0</subfield>
<subfield code="h">Y</subfield>
<subfield code="i">1</subfield>
<subfield code="j">MAIN</subfield>
<subfield code="k">0</subfield>
</datafield>
<datafield tag="AVA" ind1=" " ind2=" ">
<subfield code="a">NYU50</subfield>
<subfield code="b">NISAW</subfield>
<subfield code="c">Small Collection</subfield>
<subfield code="d">PJ3721.K36 M53 Non-circulating</subfield>
<subfield code="e">available</subfield>
<subfield code="t">Available</subfield>
<subfield code="f">1</subfield>
<subfield code="g">0</subfield>
<subfield code="h">Y</subfield>
<subfield code="i">0</subfield>
<subfield code="j">SMALL</subfield>
<subfield code="k">0</subfield>
</datafield>
</record>