<record xmlns="http://www.loc.gov/MARC21/slim" xmlns:xsi="http://www.w3.org/2001/XMLSchema-instance" xsi:schemaLocation="http://www.loc.gov/MARC21/slim http://www.loc.gov/standards/marcxml/schema/MARC21slim.xsd">
<leader>00000cam a2200493 i 4500</leader>
<controlfield tag="FMT">BK</controlfield>
<controlfield tag="LDR">00000cam a2200493 i 4500</controlfield>
<controlfield tag="001">003669393</controlfield>
<controlfield tag="003">OCoLC</controlfield>
<controlfield tag="005">20180409142212.0</controlfield>
<controlfield tag="008">120927s2012    gw a     b    000 0 ger c</controlfield>
<datafield tag="010" ind1=" " ind2=" ">
<subfield code="a">2012465331</subfield>
</datafield>
<datafield tag="020" ind1=" " ind2=" ">
<subfield code="a">9783868350364 (cl.)</subfield>
</datafield>
<datafield tag="020" ind1=" " ind2=" ">
<subfield code="a">3868350365 (cl.)</subfield>
</datafield>
<datafield tag="035" ind1=" " ind2=" ">
<subfield code="a">(OCoLC)801438799</subfield>
</datafield>
<datafield tag="040" ind1=" " ind2=" ">
<subfield code="a">OHX</subfield>
<subfield code="e">rda</subfield>
<subfield code="b">eng</subfield>
<subfield code="c">OHX</subfield>
<subfield code="d">DLC</subfield>
<subfield code="d">OCLCO</subfield>
<subfield code="d">CGU</subfield>
<subfield code="d">YDXCP</subfield>
<subfield code="d">PUL</subfield>
<subfield code="d">NNU</subfield>
</datafield>
<datafield tag="041" ind1="1" ind2=" ">
<subfield code="a">ger</subfield>
<subfield code="a">akk</subfield>
<subfield code="h">akk</subfield>
</datafield>
<datafield tag="042" ind1=" " ind2=" ">
<subfield code="a">pcc</subfield>
</datafield>
<datafield tag="050" ind1="0" ind2="0">
<subfield code="a">PJ3771.E5</subfield>
<subfield code="b">G3 2012</subfield>
</datafield>
<datafield tag="079" ind1=" " ind2=" ">
<subfield code="a">(OCoLC)801438799</subfield>
</datafield>
<datafield tag="245" ind1="0" ind2="4">
<subfield code="a">Das babylonische Weltsch&#246;pfungsepos En&#363;ma el&#238;&#353; /</subfield>
<subfield code="c">herausgegeben von Thomas R. K&#228;mmerer und Kai A. Metzler.</subfield>
</datafield>
<datafield tag="264" ind1=" " ind2="1">
<subfield code="a">M&#252;nster :</subfield>
<subfield code="b">Ugarit-Verlag,</subfield>
<subfield code="c">2012.</subfield>
</datafield>
<datafield tag="300" ind1=" " ind2=" ">
<subfield code="a">417 pages, 47 pages of plates :</subfield>
<subfield code="b">illustrations ;</subfield>
<subfield code="c">25 cm.</subfield>
</datafield>
<datafield tag="336" ind1=" " ind2=" ">
<subfield code="a">text</subfield>
<subfield code="2">rdacontent</subfield>
</datafield>
<datafield tag="337" ind1=" " ind2=" ">
<subfield code="a">unmediated</subfield>
<subfield code="2">rdamedia</subfield>
</datafield>
<datafield tag="338" ind1=" " ind2=" ">
<subfield code="a">volume</subfield>
<subfield code="2">rdacarrier</subfield>
</datafield>
<datafield tag="490" ind1="1" ind2=" ">
<subfield code="a">Alter Orient und Altes Testament ;</subfield>
<subfield code="v">Band 375</subfield>
</datafield>
<datafield tag="504" ind1=" " ind2=" ">
<subfield code="a">Includes bibliographical references.</subfield>
</datafield>
<datafield tag="546" ind1=" " ind2=" ">
<subfield code="a">Text in Akkadian with German translation; commentary in German.</subfield>
</datafield>
<datafield tag="630" ind1="0" ind2="0">
<subfield code="a">Enuma elish.</subfield>
</datafield>
<datafield tag="650" ind1=" " ind2="0">
<subfield code="a">Akkadian language</subfield>
<subfield code="v">Texts.</subfield>
</datafield>
<datafield tag="651" ind1=" " ind2="7">
<subfield code="a">Babylonia.</subfield>
<subfield code="2">pleiades</subfield>
<subfield code="0">https://pleiades.stoa.org/places/912816</subfield>
<subfield code="5">NyNyUAW</subfield>
</datafield>
<datafield tag="700" ind1="1" ind2=" ">
<subfield code="a">K&#228;mmerer, Thomas R.</subfield>
</datafield>
<datafield tag="700" ind1="1" ind2=" ">
<subfield code="a">Metzler, Kai Alexander.</subfield>
</datafield>
<datafield tag="730" ind1="0" ind2="2">
<subfield code="a">Enuma elish.</subfield>
<subfield code="l">Akkadian.</subfield>
<subfield code="f">2012.</subfield>
</datafield>
<datafield tag="730" ind1="0" ind2="2">
<subfield code="a">Enuma elish.</subfield>
<subfield code="l">German.</subfield>
<subfield code="f">2012.</subfield>
</datafield>
<datafield tag="830" ind1=" " ind2="0">
<subfield code="a">Alter Orient und Altes Testament ;</subfield>
<subfield code="v">Bd. 375.</subfield>
</datafield>
<datafield tag="994" ind1=" " ind2=" ">
<subfield code="a">Z0</subfield>
<subfield code="b">ZYU</subfield>
</datafield>
<datafield tag="OWN" ind1=" " ind2=" ">
<subfield code="a">GENERAL</subfield>
</datafield>
<datafield tag="AVA" ind1=" " ind2=" ">
<subfield code="a">NYU50</subfield>
<subfield code="b">BOBST</subfield>
<subfield code="c">Main Collection</subfield>
<subfield code="d">PJ3771.E5 G3 2012</subfield>
<subfield code="e">unavailable</subfield>
<subfield code="t">Unavailable</subfield>
<subfield code="f">1</subfield>
<subfield code="g">1</subfield>
<subfield code="h">N</subfield>
<subfield code="i">4</subfield>
<subfield code="j">MAIN</subfield>
<subfield code="k">0</subfield>
</datafield>
<datafield tag="AVA" ind1=" " ind2=" ">
<subfield code="a">NYU50</subfield>
<subfield code="b">NISAW</subfield>
<subfield code="c">Small Collection</subfield>
<subfield code="d">PJ3771.E5 G3 2012 Non-circulating</subfield>
<subfield code="e">available</subfield>
<subfield code="t">Available</subfield>
<subfield code="f">1</subfield>
<subfield code="g">0</subfield>
<subfield code="h">N</subfield>
<subfield code="i">0</subfield>
<subfield code="j">SMALL</subfield>
<subfield code="k">0</subfield>
</datafield>
</record>