<record xmlns="http://www.loc.gov/MARC21/slim" xmlns:xsi="http://www.w3.org/2001/XMLSchema-instance" xsi:schemaLocation="http://www.loc.gov/MARC21/slim http://www.loc.gov/standards/marcxml/schema/MARC21slim.xsd">
<leader>00000cam a22      i 4500</leader>
<controlfield tag="FMT">BK</controlfield>
<controlfield tag="LDR">00000cam a22      i 4500</controlfield>
<controlfield tag="001">006060973</controlfield>
<controlfield tag="005">20180424100433.0</controlfield>
<controlfield tag="008">180424s2016    cc       b    000 0 chi</controlfield>
<datafield tag="010" ind1=" " ind2=" ">
<subfield code="a">  2017435175</subfield>
</datafield>
<datafield tag="020" ind1=" " ind2=" ">
<subfield code="a">9787532581634</subfield>
</datafield>
<datafield tag="020" ind1=" " ind2=" ">
<subfield code="a">7532581632</subfield>
</datafield>
<datafield tag="035" ind1=" " ind2=" ">
<subfield code="a">(OCoLC)958947095</subfield>
</datafield>
<datafield tag="040" ind1=" " ind2=" ">
<subfield code="a">DLC</subfield>
<subfield code="b">eng</subfield>
<subfield code="e">rda</subfield>
<subfield code="c">DLC</subfield>
<subfield code="d">BCBTC</subfield>
<subfield code="d">CNPIT</subfield>
<subfield code="d">HUA</subfield>
<subfield code="d">OCLCF</subfield>
<subfield code="d">OCLCO</subfield>
<subfield code="d">NNU</subfield>
</datafield>
<datafield tag="042" ind1=" " ind2=" ">
<subfield code="a">pcc</subfield>
</datafield>
<datafield tag="043" ind1=" " ind2=" ">
<subfield code="a">a-cc---</subfield>
</datafield>
<datafield tag="050" ind1="0" ind2="0">
<subfield code="a">PL2447</subfield>
<subfield code="b">.L53677 2016</subfield>
</datafield>
<datafield tag="100" ind1="1" ind2=" ">
<subfield code="6">880-01</subfield>
<subfield code="a">Liu, Guangsheng,</subfield>
<subfield code="e">author.</subfield>
</datafield>
<datafield tag="245" ind1="1" ind2="0">
<subfield code="6">880-02</subfield>
<subfield code="a">"Qing hua da xue cang Zhan guo zhu jian (yi)" zheng li yan jiu /</subfield>
<subfield code="c">Liu Guangsheng zhu.</subfield>
</datafield>
<datafield tag="250" ind1=" " ind2=" ">
<subfield code="6">880-03</subfield>
<subfield code="a">Di 1 ban.</subfield>
</datafield>
<datafield tag="264" ind1=" " ind2="1">
<subfield code="6">880-04</subfield>
<subfield code="a">Shanghai :</subfield>
<subfield code="b">Shanghai gu ji chu ban she,</subfield>
<subfield code="c">2016.</subfield>
</datafield>
<datafield tag="300" ind1=" " ind2=" ">
<subfield code="a">2, 4, 280 pages ;</subfield>
<subfield code="c">23 cm.</subfield>
</datafield>
<datafield tag="336" ind1=" " ind2=" ">
<subfield code="a">text</subfield>
<subfield code="b">txt</subfield>
<subfield code="2">rdacontent</subfield>
</datafield>
<datafield tag="337" ind1=" " ind2=" ">
<subfield code="a">unmediated</subfield>
<subfield code="b">n</subfield>
<subfield code="2">rdamedia</subfield>
</datafield>
<datafield tag="338" ind1=" " ind2=" ">
<subfield code="a">volume</subfield>
<subfield code="b">nc</subfield>
<subfield code="2">rdacarrier</subfield>
</datafield>
<datafield tag="490" ind1="1" ind2=" ">
<subfield code="6">880-05</subfield>
<subfield code="a">Bo shi wen ku. Di 18 ji</subfield>
</datafield>
<datafield tag="504" ind1=" " ind2=" ">
<subfield code="a">Includes bibliographical references (pages [268]-278).</subfield>
</datafield>
<datafield tag="650" ind1=" " ind2="0">
<subfield code="a">Inscriptions, Chinese</subfield>
<subfield code="x">History and criticism.</subfield>
</datafield>
<datafield tag="650" ind1=" " ind2="0">
<subfield code="a">Wooden tablets</subfield>
<subfield code="z">China.</subfield>
</datafield>
<datafield tag="650" ind1=" " ind2="7">
<subfield code="a">Inscriptions, Chinese.</subfield>
<subfield code="2">fast</subfield>
<subfield code="0">(OCoLC)fst00973859</subfield>
</datafield>
<datafield tag="650" ind1=" " ind2="7">
<subfield code="a">Wooden tablets.</subfield>
<subfield code="2">fast</subfield>
<subfield code="0">(OCoLC)fst01179721</subfield>
</datafield>
<datafield tag="651" ind1=" " ind2="7">
<subfield code="a">China.</subfield>
<subfield code="2">fast</subfield>
<subfield code="0">(OCoLC)fst01206073</subfield>
</datafield>
<datafield tag="655" ind1=" " ind2="7">
<subfield code="a">Criticism, interpretation, etc.</subfield>
<subfield code="2">fast</subfield>
<subfield code="0">(OCoLC)fst01411635</subfield>
</datafield>
<datafield tag="880" ind1="1" ind2=" ">
<subfield code="6">100-01/</subfield>
<subfield code="a">&#21016;&#20809;&#32988;,</subfield>
<subfield code="e">author.</subfield>
</datafield>
<datafield tag="880" ind1="1" ind2="0">
<subfield code="6">245-02/</subfield>
<subfield code="a">"&#28165;&#21326;&#22823;&#23398;&#34255;&#25112;&#22269;&#31481;&#31616;(&#22777;)"&#25972;&#29702;&#30740;&#31350; /</subfield>
<subfield code="c">&#21016;&#20809;&#32988;&#33879;.</subfield>
</datafield>
<datafield tag="880" ind1=" " ind2=" ">
<subfield code="6">250-03/</subfield>
<subfield code="a">&#31532;1&#29256;.</subfield>
</datafield>
<datafield tag="880" ind1=" " ind2="1">
<subfield code="6">264-04/</subfield>
<subfield code="a">&#19978;&#28023; :</subfield>
<subfield code="b">&#19978;&#28023;&#21476;&#31821;&#20986;&#29256;&#31038;,</subfield>
<subfield code="c">2016.</subfield>
</datafield>
<datafield tag="880" ind1="1" ind2=" ">
<subfield code="6">490-05/</subfield>
<subfield code="a">&#21338;&#22763;&#25991;&#24211;. &#31532;&#21313;&#20843;&#36655;</subfield>
</datafield>
<datafield tag="880" ind1=" " ind2=" ">
<subfield code="6">520-00/</subfield>
<subfield code="a">2008&#24180;7&#26376;,&#28165;&#21326;&#22823;&#23398;&#25910;&#36141;&#19968;&#25209;&#29645;&#36149;&#25112;&#22269;&#31481;&#20070;,&#32422;2500&#26522;,&#28041;&#21450;&#20013;&#22269;&#20256;&#32479;&#25991;&#21270;&#30340;&#26680;&#24515;&#20869;&#23481;,&#20854;&#20215;&#20540;&#21487;&#19982;&#23380;&#22721;&#20013;&#20070;,&#27762;&#20898;&#31481;&#20070;&#30456;&#23218;&#32654;.&#26412;&#20070;&#31295;&#20174;&#25991;&#26412;&#26657;&#37322;,&#30495;&#20266;&#32771;&#36776;,&#25104;&#20070;&#38382;&#39064;,&#21490;&#23454;&#32771;&#35777;&#21450;&#20041;&#29702;&#30740;&#31350;&#20116;&#20010;&#26041;&#38754;&#23637;&#24320;,&#23545;&#28165;&#21326;&#31616;&#20316;&#32508;&#21512;,&#31995;&#32479;&#30340;&#30740;&#31350;.</subfield>
</datafield>
<datafield tag="830" ind1=" " ind2="0">
<subfield code="6">880-06</subfield>
<subfield code="a">Bo shi wen ku (Shanghai, China).</subfield>
<subfield code="n">Di 18 ji.</subfield>
</datafield>
<datafield tag="880" ind1=" " ind2="0">
<subfield code="6">830-06/</subfield>
<subfield code="a">&#21338;&#22763;&#25991;&#24211; (Shanghai, China).</subfield>
<subfield code="n">&#31532;18&#36655;.</subfield>
</datafield>
<datafield tag="OWN" ind1=" " ind2=" ">
<subfield code="a">GENERAL</subfield>
</datafield>
<datafield tag="AVA" ind1=" " ind2=" ">
<subfield code="a">NYU50</subfield>
<subfield code="b">NISAW</subfield>
<subfield code="c">Small Collection</subfield>
<subfield code="d">PL2447 .L53677 2016 Non-circulating</subfield>
<subfield code="e">available</subfield>
<subfield code="t">Available</subfield>
<subfield code="f">1</subfield>
<subfield code="g">0</subfield>
<subfield code="h">N</subfield>
<subfield code="i">0</subfield>
<subfield code="j">SMALL</subfield>
<subfield code="k">0</subfield>
</datafield>
</record>