<record xmlns="http://www.loc.gov/MARC21/slim" xmlns:xsi="http://www.w3.org/2001/XMLSchema-instance" xsi:schemaLocation="http://www.loc.gov/MARC21/slim http://www.loc.gov/standards/marcxml/schema/MARC21slim.xsd">
<leader>00000cam a22     Ii 4500</leader>
<controlfield tag="FMT">BK</controlfield>
<controlfield tag="LDR">00000cam a22     Ii 4500</controlfield>
<controlfield tag="001">006060993</controlfield>
<controlfield tag="005">20180424114505.0</controlfield>
<controlfield tag="008">180424s2017    cc a     b    000 0 chi d</controlfield>
<datafield tag="020" ind1=" " ind2=" ">
<subfield code="a">9787501047321</subfield>
</datafield>
<datafield tag="020" ind1=" " ind2=" ">
<subfield code="a">7501047324</subfield>
</datafield>
<datafield tag="035" ind1=" " ind2=" ">
<subfield code="a">(OCoLC)1028579258</subfield>
</datafield>
<datafield tag="040" ind1=" " ind2=" ">
<subfield code="a">STF</subfield>
<subfield code="b">eng</subfield>
<subfield code="e">rda</subfield>
<subfield code="c">STF</subfield>
<subfield code="d">STF</subfield>
<subfield code="d">OCLCF</subfield>
<subfield code="d">ZYU</subfield>
</datafield>
<datafield tag="043" ind1=" " ind2=" ">
<subfield code="a">a-cc---</subfield>
</datafield>
<datafield tag="050" ind1=" " ind2="4">
<subfield code="a">PL2447</subfield>
<subfield code="b">.W365 2017</subfield>
</datafield>
<datafield tag="100" ind1="1" ind2=" ">
<subfield code="6">880-01</subfield>
<subfield code="a">Wang, Entian,</subfield>
<subfield code="e">author.</subfield>
</datafield>
<datafield tag="245" ind1="1" ind2="0">
<subfield code="6">880-02</subfield>
<subfield code="a">Shang Zhou tong qi yu jin wen ji kao /</subfield>
<subfield code="c">Wang Entian zhu.</subfield>
</datafield>
<datafield tag="250" ind1=" " ind2=" ">
<subfield code="6">880-03</subfield>
<subfield code="a">Di 1 ban.</subfield>
</datafield>
<datafield tag="264" ind1=" " ind2="1">
<subfield code="6">880-04</subfield>
<subfield code="a">Beijing :</subfield>
<subfield code="b">Wen wu chu ban she,</subfield>
<subfield code="c">2017.</subfield>
</datafield>
<datafield tag="300" ind1=" " ind2=" ">
<subfield code="a">4, 4, 506 pages:</subfield>
<subfield code="b">illustrations;</subfield>
<subfield code="c">26 cm</subfield>
</datafield>
<datafield tag="336" ind1=" " ind2=" ">
<subfield code="a">text</subfield>
<subfield code="a">still image</subfield>
<subfield code="2">rdacontent</subfield>
</datafield>
<datafield tag="337" ind1=" " ind2=" ">
<subfield code="a">unmediated</subfield>
<subfield code="2">rdamedia</subfield>
</datafield>
<datafield tag="338" ind1=" " ind2=" ">
<subfield code="a">volume</subfield>
<subfield code="2">rdacarrier</subfield>
</datafield>
<datafield tag="504" ind1=" " ind2=" ">
<subfield code="a">Includes bibliographical references.</subfield>
</datafield>
<datafield tag="650" ind1=" " ind2="0">
<subfield code="a">Inscriptions, Chinese.</subfield>
</datafield>
<datafield tag="650" ind1=" " ind2="0">
<subfield code="a">Bronzes, Chinese</subfield>
<subfield code="y">To 221 B.C.</subfield>
</datafield>
<datafield tag="651" ind1=" " ind2="0">
<subfield code="a">China</subfield>
<subfield code="x">Antiquities.</subfield>
</datafield>
<datafield tag="650" ind1=" " ind2="7">
<subfield code="a">Antiquities.</subfield>
<subfield code="2">fast</subfield>
<subfield code="0">(OCoLC)fst00810745</subfield>
</datafield>
<datafield tag="650" ind1=" " ind2="7">
<subfield code="a">Bronzes, Chinese.</subfield>
<subfield code="2">fast</subfield>
<subfield code="0">(OCoLC)fst00839562</subfield>
</datafield>
<datafield tag="650" ind1=" " ind2="7">
<subfield code="a">Inscriptions, Chinese.</subfield>
<subfield code="2">fast</subfield>
<subfield code="0">(OCoLC)fst00973859</subfield>
</datafield>
<datafield tag="651" ind1=" " ind2="7">
<subfield code="a">China.</subfield>
<subfield code="2">fast</subfield>
<subfield code="0">(OCoLC)fst01206073</subfield>
</datafield>
<datafield tag="648" ind1=" " ind2="7">
<subfield code="a">To 221 B.C.</subfield>
<subfield code="2">fast</subfield>
</datafield>
<datafield tag="880" ind1="1" ind2=" ">
<subfield code="6">100-01/</subfield>
<subfield code="a">&#29579;&#24681;&#30000;,</subfield>
<subfield code="e">author.</subfield>
</datafield>
<datafield tag="880" ind1="1" ind2="0">
<subfield code="6">245-02/</subfield>
<subfield code="a">&#21830;&#21608;&#38108;&#22120;&#19982;&#37329;&#25991;&#36753;&#32771; /</subfield>
<subfield code="c">&#29579;&#24681;&#30000;&#33879;.</subfield>
</datafield>
<datafield tag="880" ind1=" " ind2=" ">
<subfield code="6">250-03/</subfield>
<subfield code="a">&#31532;1&#29256;.</subfield>
</datafield>
<datafield tag="880" ind1=" " ind2="1">
<subfield code="6">264-04/</subfield>
<subfield code="a">&#21271;&#20140; :</subfield>
<subfield code="b">&#25991;&#29289;&#20986;&#29256;&#31038;,</subfield>
<subfield code="c">2017.</subfield>
</datafield>
<datafield tag="OWN" ind1=" " ind2=" ">
<subfield code="a">GENERAL</subfield>
</datafield>
<datafield tag="AVA" ind1=" " ind2=" ">
<subfield code="a">NYU50</subfield>
<subfield code="b">NISAW</subfield>
<subfield code="c">Small Collection</subfield>
<subfield code="d">PL2447 .W365 2017 Non-circulating</subfield>
<subfield code="e">available</subfield>
<subfield code="t">Available</subfield>
<subfield code="f">1</subfield>
<subfield code="g">0</subfield>
<subfield code="h">N</subfield>
<subfield code="i">0</subfield>
<subfield code="j">SMALL</subfield>
<subfield code="k">0</subfield>
</datafield>
</record>