<record xmlns="http://www.loc.gov/MARC21/slim" xmlns:xsi="http://www.w3.org/2001/XMLSchema-instance" xsi:schemaLocation="http://www.loc.gov/MARC21/slim http://www.loc.gov/standards/marcxml/schema/MARC21slim.xsd">
<leader>00000cam a2200481Ii 4500</leader>
<controlfield tag="FMT">BK</controlfield>
<controlfield tag="LDR">00000cam a2200481Ii 4500</controlfield>
<controlfield tag="001">006055820</controlfield>
<controlfield tag="003">OCoLC</controlfield>
<controlfield tag="005">20180418155927.0</controlfield>
<controlfield tag="008">141119s2014    fr ab    b    101 0 fre d</controlfield>
<datafield tag="020" ind1=" " ind2=" ">
<subfield code="a">9782705339111</subfield>
<subfield code="q">(pbk.)</subfield>
</datafield>
<datafield tag="020" ind1=" " ind2=" ">
<subfield code="a">2705339116</subfield>
<subfield code="q">(pbk.)</subfield>
</datafield>
<datafield tag="035" ind1=" " ind2=" ">
<subfield code="a">(OCoLC)896836393</subfield>
</datafield>
<datafield tag="040" ind1=" " ind2=" ">
<subfield code="a">AUXAM</subfield>
<subfield code="b">eng</subfield>
<subfield code="e">rda</subfield>
<subfield code="c">AUXAM</subfield>
<subfield code="d">OCLCQ</subfield>
<subfield code="d">ERASP</subfield>
<subfield code="d">DDO</subfield>
<subfield code="d">OCLCO</subfield>
<subfield code="d">OCLCF</subfield>
<subfield code="d">CUY</subfield>
<subfield code="d">YDXCP</subfield>
<subfield code="d">S3O</subfield>
<subfield code="d">ZYU</subfield>
</datafield>
<datafield tag="043" ind1=" " ind2=" ">
<subfield code="a">a-sy---</subfield>
<subfield code="a">aw-----</subfield>
</datafield>
<datafield tag="050" ind1="1" ind2="4">
<subfield code="a">Q127.S95</subfield>
<subfield code="b">S35 2014</subfield>
</datafield>
<datafield tag="082" ind1="1" ind2="4">
<subfield code="a">509.175 92309</subfield>
<subfield code="2">22</subfield>
</datafield>
<datafield tag="245" ind1="0" ind2="4">
<subfield code="a">Les sciences en syriaque /</subfield>
<subfield code="c">volume &#233;dit&#233; &#201;milie Villey.</subfield>
</datafield>
<datafield tag="264" ind1=" " ind2="1">
<subfield code="a">Paris :</subfield>
<subfield code="b">Geuthner,</subfield>
<subfield code="c">[2014]</subfield>
</datafield>
<datafield tag="300" ind1=" " ind2=" ">
<subfield code="a">351 pages :</subfield>
<subfield code="b">illustrations, maps ;</subfield>
<subfield code="c">24 cm.</subfield>
</datafield>
<datafield tag="336" ind1=" " ind2=" ">
<subfield code="a">text</subfield>
<subfield code="b">txt</subfield>
<subfield code="2">rdacontent</subfield>
</datafield>
<datafield tag="337" ind1=" " ind2=" ">
<subfield code="a">unmediated</subfield>
<subfield code="b">n</subfield>
<subfield code="2">rdamedia</subfield>
</datafield>
<datafield tag="338" ind1=" " ind2=" ">
<subfield code="a">volume</subfield>
<subfield code="b">nc</subfield>
<subfield code="2">rdacarrier</subfield>
</datafield>
<datafield tag="490" ind1="1" ind2=" ">
<subfield code="a">Etudes syriaques ;</subfield>
<subfield code="v">11</subfield>
</datafield>
<datafield tag="504" ind1=" " ind2=" ">
<subfield code="a">Includes bibliographical references (pages 334-337) and indexes.</subfield>
</datafield>
<datafield tag="505" ind1="0" ind2="0">
<subfield code="g">Carte 1.</subfield>
<subfield code="t">Lieux d'activit&#233;s scientifiques en syriaque (500-750) --</subfield>
<subfield code="g">Carte 2.</subfield>
<subfield code="t">Lieux d'activit&#233;s scientifiques en syriaque (750-1309) --</subfield>
<subfield code="t">Introduction /</subfield>
<subfield code="r">par &#201;milie Villey --</subfield>
<subfield code="t">Sciences et savants syriaques : une histoire multiculturelle /</subfield>
<subfield code="r">Muriel Debi&#233; --</subfield>
<subfield code="t">Math&#233;matiques en syriaque /</subfield>
<subfield code="r">Henri Hugonnard-Roche --</subfield>
<subfield code="t">Les textes g&#233;ographiques en langue syriaque /</subfield>
<subfield code="r">Olivier Defaux --</subfield>
<subfield code="t">Qenne&#353;re et l'astronomie aux VIe et VIIe si&#232;cles /</subfield>
<subfield code="r">&#201;milie Villey --</subfield>
<subfield code="t">L'alchimie en syriaque et l'oeuvre de Zosime /</subfield>
<subfield code="r">Matteo Martelli --</subfield>
<subfield code="t">L'agriculture en syriaque : l'Anatolius Syriacus ("G&#233;oponiques syriaques") /</subfield>
<subfield code="r">Christophe Guignard --</subfield>
<subfield code="t">Le m&#233;decine th&#233;rapeutique en syriaque (IVe-VIIe si&#232;cle /</subfield>
<subfield code="r">Alexey Muraviev --</subfield>
<subfield code="t">La litt&#233;rature botanique et pharmaceutique en langue syriaque /</subfield>
<subfield code="r">Siam Bhayro &amp; Robert Hawley --</subfield>
<subfield code="t">L'astronomie syriaque &#224; l'&#233;poque islamique /</subfield>
<subfield code="r">Hidemi Takahashi.</subfield>
</datafield>
<datafield tag="650" ind1=" " ind2="0">
<subfield code="a">Science, Ancient</subfield>
<subfield code="v">Congresses.</subfield>
</datafield>
<datafield tag="650" ind1=" " ind2="0">
<subfield code="a">Science</subfield>
<subfield code="z">Middle East</subfield>
<subfield code="x">History</subfield>
<subfield code="v">Congresses.</subfield>
</datafield>
<datafield tag="650" ind1=" " ind2="0">
<subfield code="a">Science</subfield>
<subfield code="z">Syria</subfield>
<subfield code="x">History</subfield>
<subfield code="v">Congresses.</subfield>
</datafield>
<datafield tag="650" ind1=" " ind2="0">
<subfield code="a">Syriac literature.</subfield>
</datafield>
<datafield tag="650" ind1=" " ind2="7">
<subfield code="a">Science.</subfield>
<subfield code="2">fast</subfield>
<subfield code="0">(OCoLC)fst01108176</subfield>
</datafield>
<datafield tag="650" ind1=" " ind2="7">
<subfield code="a">Science, Ancient.</subfield>
<subfield code="2">fast</subfield>
<subfield code="0">(OCoLC)fst01108800</subfield>
</datafield>
<datafield tag="651" ind1=" " ind2="7">
<subfield code="a">Syria.</subfield>
<subfield code="2">fast</subfield>
<subfield code="0">(OCoLC)fst01208757</subfield>
</datafield>
<datafield tag="650" ind1=" " ind2="7">
<subfield code="a">Vetenskapshistoria.</subfield>
<subfield code="2">sao</subfield>
</datafield>
<datafield tag="651" ind1=" " ind2="4">
<subfield code="a">Syrien.</subfield>
</datafield>
<datafield tag="655" ind1=" " ind2="7">
<subfield code="a">History.</subfield>
<subfield code="2">fast</subfield>
<subfield code="0">(OCoLC)fst01411628</subfield>
</datafield>
<datafield tag="700" ind1="1" ind2=" ">
<subfield code="a">Villey, &#201;milie,</subfield>
<subfield code="e">editor.</subfield>
</datafield>
<datafield tag="830" ind1=" " ind2="0">
<subfield code="a">&#201;tudes syriaques ;</subfield>
<subfield code="v">11.</subfield>
</datafield>
<datafield tag="OWN" ind1=" " ind2=" ">
<subfield code="a">GENERAL</subfield>
</datafield>
<datafield tag="AVA" ind1=" " ind2=" ">
<subfield code="a">NYU50</subfield>
<subfield code="b">NISAW</subfield>
<subfield code="c">Small Collection</subfield>
<subfield code="d">Q127.S95 S35 2014 Non-circulating</subfield>
<subfield code="e">available</subfield>
<subfield code="t">Available</subfield>
<subfield code="f">1</subfield>
<subfield code="g">0</subfield>
<subfield code="h">N</subfield>
<subfield code="i">0</subfield>
<subfield code="j">SMALL</subfield>
<subfield code="k">0</subfield>
</datafield>
</record>