<record xmlns="http://www.loc.gov/MARC21/slim" xmlns:xsi="http://www.w3.org/2001/XMLSchema-instance" xsi:schemaLocation="http://www.loc.gov/MARC21/slim http://www.loc.gov/standards/marcxml/schema/MARC21slim.xsd">
<leader>00000cam a2200565Ii 4500</leader>
<controlfield tag="FMT">BK</controlfield>
<controlfield tag="LDR">00000cam a2200565Ii 4500</controlfield>
<controlfield tag="001">006061008</controlfield>
<controlfield tag="003">OCoLC</controlfield>
<controlfield tag="005">20180427160536.0</controlfield>
<controlfield tag="008">900607s1959    riuf     b    000 0 eng d</controlfield>
<datafield tag="010" ind1=" " ind2=" ">
<subfield code="a">60033193</subfield>
</datafield>
<datafield tag="016" ind1="7" ind2=" ">
<subfield code="a">014325324</subfield>
<subfield code="2">Uk</subfield>
</datafield>
<datafield tag="035" ind1=" " ind2=" ">
<subfield code="a">(OCoLC)22172986</subfield>
<subfield code="z">(OCoLC)717890608</subfield>
</datafield>
<datafield tag="040" ind1=" " ind2=" ">
<subfield code="a">DRB</subfield>
<subfield code="b">eng</subfield>
<subfield code="e">rda</subfield>
<subfield code="c">DRB</subfield>
<subfield code="d">OCLCQ</subfield>
<subfield code="d">NLGGC</subfield>
<subfield code="d">OCLCG</subfield>
<subfield code="d">OCLCA</subfield>
<subfield code="d">DEBBG</subfield>
<subfield code="d">CHRRO</subfield>
<subfield code="d">OCLCF</subfield>
<subfield code="d">OCLCO</subfield>
<subfield code="d">UKMGB</subfield>
<subfield code="d">OCLCQ</subfield>
<subfield code="d">DHA</subfield>
<subfield code="d">ZYU</subfield>
</datafield>
<datafield tag="041" ind1="1" ind2=" ">
<subfield code="a">eng</subfield>
<subfield code="a">egy</subfield>
<subfield code="h">egy</subfield>
</datafield>
<datafield tag="043" ind1=" " ind2=" ">
<subfield code="a">e-au---</subfield>
<subfield code="a">f-ua---</subfield>
<subfield code="a">zmo----</subfield>
</datafield>
<datafield tag="050" ind1=" " ind2="4">
<subfield code="a">QB19</subfield>
<subfield code="b">.P3</subfield>
</datafield>
<datafield tag="072" ind1=" " ind2="7">
<subfield code="a">s1ar</subfield>
<subfield code="2">rero</subfield>
</datafield>
<datafield tag="082" ind1="0" ind2=" ">
<subfield code="a">523.38</subfield>
</datafield>
<datafield tag="084" ind1=" " ind2=" ">
<subfield code="a">18.78</subfield>
<subfield code="2">bcl</subfield>
</datafield>
<datafield tag="084" ind1=" " ind2=" ">
<subfield code="a">ND 3920</subfield>
<subfield code="2">rvk</subfield>
</datafield>
<datafield tag="084" ind1=" " ind2=" ">
<subfield code="a">EO 2390</subfield>
<subfield code="2">rvk</subfield>
</datafield>
<datafield tag="100" ind1="1" ind2=" ">
<subfield code="a">Parker, Richard A.</subfield>
<subfield code="q">(Richard Anthony),</subfield>
<subfield code="d">1905-1993,</subfield>
<subfield code="e">editor,</subfield>
<subfield code="e">translator.</subfield>
</datafield>
<datafield tag="245" ind1="1" ind2="2">
<subfield code="a">A Vienna demotic papyrus on eclipse- and lunar-omina /</subfield>
<subfield code="c">edited with translation and commentary by Richard A. Parker.</subfield>
</datafield>
<datafield tag="264" ind1=" " ind2="1">
<subfield code="a">Providence :</subfield>
<subfield code="b">Brown University Press,</subfield>
<subfield code="c">1959.</subfield>
</datafield>
<datafield tag="300" ind1=" " ind2=" ">
<subfield code="a">59 pages, 9 folded plates :</subfield>
<subfield code="b">black-and-white illustrations ;</subfield>
<subfield code="c">32 cm.</subfield>
</datafield>
<datafield tag="336" ind1=" " ind2=" ">
<subfield code="a">text</subfield>
<subfield code="b">txt</subfield>
<subfield code="2">rdacontent</subfield>
</datafield>
<datafield tag="336" ind1=" " ind2=" ">
<subfield code="a">still image</subfield>
<subfield code="b">sti</subfield>
<subfield code="2">rdacontent</subfield>
</datafield>
<datafield tag="337" ind1=" " ind2=" ">
<subfield code="a">unmediated</subfield>
<subfield code="b">n</subfield>
<subfield code="2">rdamedia</subfield>
</datafield>
<datafield tag="338" ind1=" " ind2=" ">
<subfield code="a">volume</subfield>
<subfield code="b">nc</subfield>
<subfield code="2">rdacarrier</subfield>
</datafield>
<datafield tag="490" ind1="1" ind2=" ">
<subfield code="a">Brown Egyptological studies,</subfield>
<subfield code="v">v.2</subfield>
</datafield>
<datafield tag="500" ind1=" " ind2=" ">
<subfield code="a">The original fragments of the papyrus are in the &#214;sterreichische Nationalbibliothek.</subfield>
</datafield>
<datafield tag="546" ind1=" " ind2=" ">
<subfield code="a">English; text in demotic Egyptian with English translation.</subfield>
</datafield>
<datafield tag="504" ind1=" " ind2=" ">
<subfield code="a">Includes bibliographical references.</subfield>
</datafield>
<datafield tag="650" ind1=" " ind2="0">
<subfield code="a">Eclipses.</subfield>
</datafield>
<datafield tag="650" ind1=" " ind2="0">
<subfield code="a">Astronomy, Assyro-Babylonian.</subfield>
</datafield>
<datafield tag="651" ind1=" " ind2="0">
<subfield code="a">Moon.</subfield>
</datafield>
<datafield tag="650" ind1=" " ind2="0">
<subfield code="a">Egyptian language</subfield>
<subfield code="v">Papyri, Demotic.</subfield>
</datafield>
<datafield tag="651" ind1=" " ind2="7">
<subfield code="a">Ancient Egypt (region)</subfield>
<subfield code="2">pleiades</subfield>
<subfield code="0">https://pleiades.stoa.org/places/981503</subfield>
</datafield>
<datafield tag="650" ind1="1" ind2="7">
<subfield code="a">Demotisch.</subfield>
<subfield code="2">gtt</subfield>
</datafield>
<datafield tag="650" ind1="1" ind2="7">
<subfield code="a">Sterrenkunde.</subfield>
<subfield code="2">gtt</subfield>
</datafield>
<datafield tag="830" ind1=" " ind2="0">
<subfield code="a">Brown Egyptological studies ;</subfield>
<subfield code="v">v.2.</subfield>
</datafield>
<datafield tag="OWN" ind1=" " ind2=" ">
<subfield code="a">GENERAL</subfield>
</datafield>
<datafield tag="AVA" ind1=" " ind2=" ">
<subfield code="a">NYU50</subfield>
<subfield code="b">NISAW</subfield>
<subfield code="c">Large Collection</subfield>
<subfield code="d">QB19 .P3 1959 Non-circulating</subfield>
<subfield code="e">available</subfield>
<subfield code="t">Available</subfield>
<subfield code="f">1</subfield>
<subfield code="g">0</subfield>
<subfield code="h">N</subfield>
<subfield code="i">0</subfield>
<subfield code="j">LARGE</subfield>
<subfield code="k">0</subfield>
</datafield>
</record>